3214 4832
746 207 795 248 39

714 264 821 274 .—

170 449 272 521 Tuso.
300 458 335 540 5,
360 459 415 535 24,
442 460 553 538 68311.
579 450 613 520 d.
641 458 669 534 1,
696 457 726 534 5,
755 447 912 531 tut-Hi.
939 456 1003 519 776
1029 448 1111 536 Veh,
1144 451 1287 519 turdus
1317 473 1353 520 es

171 563 236 645 [Of.
261 565 323 638 Ht.
352 575 418 638 515
443 587 561 634 servos
588 565 927 649 tu1·diuseulust].

277 868 590 942 SUPERLATIO.

275 1067 379 1136 Usus
412 1067 665 1150 superlationem
700 1064 970 1155 querunderum
1012 1065 1105 1148 opud
1144 1064 1353 1136 Ciceronem

166 1203 249 1249 oum
274 1183 449 1254 Terentio
473 1183 598 1251 similis
623 1187 686 1253 est.

276 1301 339 1370 De
364 1323 414 1372 or.
440 1309 470 1385 2,
494 1308 547 1386 42,
574 1307 670 1371 179...
703 1300 739 1364 in
765 1320 838 1388 que
861 1299 1106 1387 (dispositione
1125 1308 1352 1390 argumento-

166 1421 266 1502 rum)
293 1423 337 1484 tu
363 1417 453 1484 mihi
477 1437 616 1498 semper
649 1416 750 1484 deus
784 1415 898 1484 videri
922 1414 1012 1482 soles
1039 1416 1216 1501 [011611.
1244 1424 1273 1503 1,
1298 1427 1350 1505 23,

168 1542 244 1621 1063
270 1545 303 1622 3,
334 1545 385 1621 14,
412 1535 584 1621 stu-Ad.
620 1544 685 1607 535
709 1536 800 1602 fario
831 1541 865 1602 te
889 1535 982 1618 apud
1008 1534 1111 1601 illum
1135 1535 1258 1603 deum
1282 1537 1352 1621 [Of.

166 1647 210 1721 H.
237 1659 306 1722 843
333 1661 368 1719 et
391 1653 508 1724 Pluut.
535 1652 637 1724 Cure.
663 1654 797 1738 167].(*›
821 1652 876 1718 De
901 1652 964 1724 fin.
989 1661 1020 1737 4,
1041 1661 1093 1735 25,
1116 1659 1156 1724 70
1179 1650 1272 1738 Quid
1293 1653 1352 1719 Ze-

165 1764 231 1832 no?
256 1766 431 1835 Portenta
456 1767 645 1836 haeresse
670 1767 787 1840 dieii...
813 1767 874 1835 sed
900 1767 1026 1834 differe
1047 1769 1139 1834 inter
1159 1767 1348 1836 honestum

169 1886 204 1945 et
228 1887 347 1968 turpe,
371 1885 546 1950 nimium
575 1891 791 1974 quantum,
828 1885 947 1951 neseio
977 1884 1063 1974 quid
1089 1885 1349 1952 immensum-

169 2003 372 2089 utrumque
407 2002 567 2068 iunotum
602 2000 730 2090 legitur
764 2003 801 2066 in
833 2001 898 2072 Ph.
928 2009 992 2072 643
1028 2000 1138 2087 Quid?
1175 2003 1351 2068 nimium

170 2120 459 2205 quantum.(**)

284 2473 463 2550 IRONIA.

282 2672 532 2740 Terentianum
572 2671 763 2740 formulam
799 2669 1043 2754 amplificandi
1086 2671 1151 2742 Ph.
1196 2680 1259 2744 367
1298 2671 1352 2741 At

173 2808 296 2877 quem
320 2790 670 2858 virumi-imitatus
691 2797 744 2857 est
766 2789 837 2861 Cio.
858 2787 925 2855 huo
945 2792 1054 2861 ironia
1077 2788 1238 2856 adhibite
1254 2789 1349 2864 Fam.

173 2911 202 2992 9,
228 2914 284 2992 20,
311 2915 362 2978 1...
387 2906 574 2974 habuisses
598 2908 694 2974 enim
719 2929 792 2975 non
819 2905 1004 2992 hospitem,
1029 2905 1091 2973 sed
1115 2905 1352 2973 contuberna-

172 3018 255 3096 lem.
281 3024 330 3091 At
354 3045 476 3114 quem
500 3024 645 3092 virum!
671 3023 738 3111 [Cf.
761 3023 799 3096 Ε.
826 3031 890 3094 590
920 3023 970 3092 At
999 3044 1106 3113 quem
1131 3023 1349 3110 deum!(***)]

173 3136 274 3210 Balb.
297 3148 326 3226 8,
347 3148 389 3212 20
406 3139 436 3210 Ο
453 3140 674 3223 praectarum
692 3141 920 3222 interpretem
939 3138 1036 3206 iuris!
1055 3145 1238 3206 auctorem
1258 3140 1351 3206 unti-

173 3258 329 3346 quitetis!
363 3264 642 3327 correctorem
667 3263 775 3348 atque
798 3258 1064 3327 emendatorem
1096 3265 1239 3326 nostrae
1265 3261 1351 3326 oivi-

173 3377 433 3448 tatis...-idem
457 3397 658 3444 sereesmus
693 3375 844 3444 eeer'bus
872 3376 1002 3466 legitur
1034 3379 1069 3443 in
1098 3376 1162 3451 Ad.
1198 3384 1259 3449 741
1297 3397 1349 3467 sq.

261 3818 299 3887 (Ι)
314 3818 377 3873 Vid.
405 3815 520 3877 WYSS
539 3834 564 3886 p.
581 3816 605 3878 6,
626 3814 730 3878 ΟΤΤΟ,
747 3818 800 3871 Die
817 3817 915 3871 Gotter
934 3816 991 3870 und
1008 3817 1170 3887 Halbgdtter
1184 3819 1222 3871 im
1239 3817 1350 3887 Sprich·

171 3931 261 3972 worte
290 3917 410 3985 (Archiv
429 3916 472 3970 hir
491 3917 537 3972 iat.
557 3917 621 3972 Lex.
644 3934 669 3969 u.
700 3918 823 3972 Gromm.
861 3915 935 3978 1886,
956 3912 1000 3984 ΙΙΙ)
1032 3931 1058 3984 p.
1085 3915 1136 3972 268
1166 3928 1193 3970 et
1221 3916 1348 3970 eiusdem

172 4017 245 4081 „Die
266 4016 491 4084 Sprichwerter“
510 4031 535 4084 p.
559 4015 605 4071 1⁰9
626 4031 647 4070 s.
667 4033 695 4068 ν.
717 4015 784 4069 deus
806 4015 829 4067 5.

279 4114 332 4184 (ΙΙ)
354 4112 395 4170 Cf.
416 4113 532 4177 KEIL.
554 4115 734 4168 Grammatici
754 4113 843 4168 Latini
863 4115 876 4167 Ι
897 4130 922 4182 p.
944 4112 1004 4180 207,
1025 4111 1067 4168 13.

279 4213 351 4282 (*“*)
370 4214 411 4269 [f.
431 4214 537 4268 ironice
557 4213 636 4267 dicta.
656 4213 737 4268 Verr.
757 4213 782 4276 5,
803 4212 875 4278 6,12
896 4211 971 4276 Quid
991 4213 1039 4275 ais,
1060 4213 1147 4265 boue
1167 4222 1281 4266 custos
1302 4208 1348 4262 de·

173 4314 321 4385 tensorque
341 4311 600 4382 prouinciaei-Ph.
633 4311 686 4368 286
705 4329 747 4383 sq.
766 4311 822 4374 Oh,
851 4313 937 4366 bone
957 4323 1083 4374 custos,
1112 4310 1197 4375 salve,
1217 4309 1347 4364 columen

170 4431 240 4471 vero
259 4414 404 4470 familiae...
424 4415 457 4468 A.
478 4412 531 4469 616
549 4411 611 4468 Eho
632 4411 707 4476 dum,
728 4411 896 4474 benerit,
917 4409 984 4481 quid
1004 4410 1056 4465 ais?
1076 4410 1117 4465 Cf.
1137 4411 1167 4464 E.
1187 4408 1248 4465 918.
