3214 4832
840 246 879 288 16

375 459 488 528 Hunc
522 456 717 526 adiutare
739 457 1004 548 adsidueque
1029 479 1112 524 nna
1135 451 1332 530 seribere.

270 570 382 639 Porro
405 573 562 640 Terentii
585 575 720 641 mentio
744 574 787 642 lit
811 575 854 642 de
878 580 946 658 opt.
970 598 1002 664 g.
1028 597 1077 646 or.
1103 583 1132 660 1,
1158 583 1191 661 33
1216 583 1246 660 6,
1273 582 1324 646 18.

267 685 426 754 Nomina
450 686 690 755 fabularum
714 688 868 756 Terentii
895 691 1097 757 invenimus
1123 689 1176 758 his
1191 687 1337 778 loeis.(*)

375 802 572 875 ANDRIA.

374 916 430 984 De
455 923 523 1000 opt.
547 941 578 1008 g.
603 939 652 986 or.
677 917 708 1005 6,
732 918 786 986 18:
813 919 946 1006 „Iidem
972 921 1172 989 Andriam
1204 927 1239 989 et
1262 921 1446 1008 Synephe-

268 1031 343 1117 boS,
367 1053 434 1099 nee
458 1033 578 1102 minus
602 1033 807 1102 Terentium
847 1041 882 1102 et
907 1035 1114 1120 Caecilium,
1153 1058 1260 1126 qnam
1293 1037 1445 1104 Menan-

268 1145 374 1212 drum
397 1145 549 1236 legunt.“
575 1147 708 1220 Dei'in.
749 1157 777 1234 1,
803 1159 833 1235 2,
858 1159 889 1220 4:
915 1149 1168 1237 „Synephebos
1205 1171 1279 1238 ego,
1314 1153 1444 1240 inquit,

266 1263 384 1344 potins
423 1262 576 1350 Caecilii,
610 1271 672 1332 aut
695 1265 895 1333 Andriam
929 1267 1095 1353 Terentii,
1120 1288 1229 1357 quam
1254 1273 1445 1357 utramque

266 1377 456 1446 Menandri
481 1379 633 1470 legam?·‘

374 1491 959 1567 HEAUTONTIMORUMENOS.

375 1609 849 1696 „Heautontimorumenon“
876 1607 1029 1692 explieat
1050 1607 1120 1680 Cic.
1139 1607 1242 1680 Tuso.
1267 1617 1297 1695 3,
1319 1617 1371 1694 27,
1390 1617 1444 1680 65:

267 1723 384 1813 „Quid
408 1723 469 1791 ille
502 1725 537 1810 (i.
564 1745 592 1795 e.
617 1723 864 1811 Menedemus)
897 1723 1131 1792 Terentianus
1154 1725 1228 1808 ipse
1252 1745 1288 1792 se
1323 1726 1446 1807 poeni-

266 1861 339 1928 enS‚
367 1841 482 1908 idest
509 1845 625 1916 ἑαυτὸν
643 1841 978 1944 τιμωρούμενοςέ(**)

371 1972 644 2046 ADMLPHOE.

371 2089 505 2158 Ambos
541 2091 579 2158 in
616 2088 786 2173 Adelphis
826 2089 973 2158 diversis
1010 2089 1170 2157 moribus
1201 2109 1277 2158 esse
1315 2089 1444 2157 fratres

264 2206 454 2292 (Demeam
484 2206 626 2297 durum,
663 2227 802 2274 eomem
834 2213 955 2274 eontra
987 2205 1193 2294 Micionem)
1223 2206 1446 2274 demonstrat

266 2320 337 2395 Cio.
363 2323 437 2396 Cat.
464 2333 517 2412 18,
545 2332 597 2395 65;
632 2322 754 2410 „Quae
790 2330 912 2390 tamen
941 2324 1062 2390 omnia
1092 2322 1252 2391 dulciora
1286 2324 1381 2391 fiunt
1408 2327 1444 2389 et

262 2440 422 2510 moribus
444 2440 548 2509 honis
568 2447 603 2509 et
624 2441 771 2509 artibus:
788 2441 898 2530 idque
917 2447 994 2507 tum
1018 2441 1054 2507 in
1075 2441 1148 2508 vita
1172 2446 1249 2507 tum
1273 2443 1310 2507 in
1336 2461 1445 2509 scena

264 2559 414 2648 intelligi
446 2564 561 2642 potest
589 2559 699 2626 exiis
732 2557 912 2645 iratribus,
947 2559 1009 2648 qui
1039 2559 1076 2624 in
1114 2556 1317 2640 Adelphis
1351 2565 1444 2630 sunt.

265 2672 407 2760 Quanta
430 2674 466 2739 in
492 2673 604 2741 altero
630 2673 765 2742 duritas
800 2674 857 2760 [ef.
882 2673 947 2746 Ad.
972 2679 1038 2760 64),
1065 2675 1102 2739 in
1127 2673 1238 2741 altero
1263 2675 1441 2742 comitas!“

370 2791 426 2859 De
448 2790 656 2858 nominihus
689 2793 850 2858 omnium
874 2791 1031 2859 Terentii
1059 2810 1334 2873 personarum
1364 2812 1436 2858 om·

262 2910 348 2978 nino
372 2907 731 2976 animadvertendum
756 2914 817 2994 est,
843 2907 912 2975 alia
936 2917 1020 2976 ante
1043 2907 1113 2975 alia
1135 2913 1214 2990 post
1237 2908 1354 2991 ipsum
1377 2929 1436 2991 po-

263 3033 357 3095 etam
382 3027 591 3098 innotnisse.
608 3028 689 3114 (***)

369 3143 494 3234 ltaque
521 3142 781 3212 nonnullarum
815 3143 970 3211 Terentii
997 3164 1230 3226 personarum
1259 3142 1434 3209 maxime-

262 3283 332 3352 que
355 3263 589 3344 parasitorum
615 3260 670 3329 his
698 3259 941 3328 Ciceronianis
969 3261 1055 3328 loeis
1079 3261 1211 3328 mentio
1236 3259 1287 3329 fit.

369 3651 406 3720 (⁴⁶)
428 3652 526 3722 Neque
545 3652 573 3704 in
593 3651 647 3704 hoc
667 3667 776 3722 quoque
797 3666 860 3705 casu
881 3649 939 3706 Cic.
959 3651 1096 3722 Hecyram
1117 3665 1261 3706 memorat.

365 3751 423 3822 (⁴¹⁴⁶)
443 3751 485 3808 Cf·
507 3753 572 3806 Hor.
593 3763 641 3806 sat.
663 3755 686 3812 1,
708 3753 732 3814 2,
753 3750 786 3806 20
806 3767 866 3823 sqq.

366 3854 433 3924 (ml
453 3857 482 3909 E.
502 3870 524 3908 c.
544 3869 646 3908 nomen
668 3851 816 3908 Sannionis
848 3853 970 3922 (12780,
991 3854 1127 3925 edam)
1160 3853 1273 3909 obvenit
1305 3855 1333 3908 in
1353 3856 1434 3919 libro,

259 3957 306 4026 qui
339 3955 498 4009 inscribitur
528 3953 579 4016 „ad
599 3954 791 4008 Herennium*
820 3953 845 4014 4,
867 3953 909 4021 50,
929 3953 972 4022 63,
991 3953 1024 4008 cf.
1054 3954 1088 4008 de
1120 3971 1160 4009 or.
1181 3957 1204 4018 2,
1228 3957 1268 4018 ol,
1289 3955 1350 4010 251.
1370 3952 1433 4009 Vid.

260 4051 427 4108 KOENIe
444 4053 489 4118 Ε,
518 4054 560 4106 De
582 4052 740 4109 nominibus
772 4051 900 4122 propriis,
931 4068 999 4122 quae
1018 4065 1083 4106 sunt
1101 4052 1174 4120 apud
1196 4051 1323 4107 Plautum
1342 4064 1369 4106 et
1390 4049 1433 4104 Te·

260 4151 380 4206 rentium
401 4149 564 4220 (Patsclrlrau
585 4153 663 4221 1876)
694 4171 719 4222 p.
742 4153 782 4208 19.
805 4148 1030 4218 Porross'nomen
1053 4151 1175 4205 Phaniae
1203 4152 1259 4218 (Ht.
1280 4151 1343 4218 169)
1364 4147 1433 4205 indi-

256 4261 304 4306 tur
323 4249 396 4317 apud
416 4251 474 4306 Cic.
494 4252 522 4306 in
543 4269 603 4322 epp.
622 4253 656 4306 ad
677 4253 751 4307 Fam.
772 4251 797 4318 2,
822 4249 859 4311 13,
877 4251 903 4317 2,·
922 4248 946 4315 3,
971 4251 992 4318 1,
1017 4253 1042 4317 1,·
1061 4249 1088 4315 3,
1110 4248 1134 4312 6,
1154 4250 1167 4303 1
1184 4263 1224 4319 sq.
1243 4248 1342 4302 liberto
1362 4250 1431 4316 App.

258 4352 382 4420 Pulchri;
400 4353 523 4408 Chaerea
537 4353 638 4424 legitur
666 4353 697 4408 R.
719 4353 799 4408 Com.
824 4349 848 4416 1,
873 4347 886 4400 1
908 4361 977 4421 sqq,
1000 4347 1278 4404 Menedemus-Art.
1299 4345 1341 4413 15,
1360 4346 1386 4413 2,
1407 4347 1430 4414 23

260 4452 301 4524 15,
323 4452 348 4516 4,
367 4451 394 4508 4.
