3238 4832
766 275 798 314 71

730 332 836 340 ...-

192 485 367 554 debeatur
390 493 425 553 et
448 491 625 576 quantum
649 486 847 574 Terentius
886 488 1049 556 eonditor
1074 491 1158 558 novi
1184 485 1374 553 cuiusdam

191 605 333 692 generis
357 602 537 692 loquendi,
563 611 689 670 uentus
714 611 749 671 et
772 605 960 687 previdens
985 606 1107 690 fuerit,
1143 606 1272 696 quippe
1310 604 1372 692 qui

193 733 336 788 seruulus
360 720 594 787 subtilitatem
632 722 760 789 veteris
801 721 1017 790 urbanitatis
1053 728 1089 789 et
1122 717 1374 787 humanissimi

193 839 383 920 sermonis,
428 860 598 927 maguum
630 847 832 920 exemptum
877 840 1120 906 eontineutiae
1162 833 1374 919 praebuerit.

194 955 296 1020 llitto
320 962 449 1039 uetera,
493 975 585 1044 quae
626 963 710 1023 sunt
746 957 1036 1041 innumerabilia,
1076 977 1159 1022 num
1203 951 1265 1018 illa
1300 970 1373 1016 nun

195 1077 344 1152 possunt
366 1068 500 1137 habere
524 1091 641 1160 neque
666 1074 738 1139 vim
764 1093 881 1162 neque
905 1077 1140 1140 venustatem.

302 1186 393 1252 Satis
419 1186 502 1271 iam,
528 1188 613 1253 satis
638 1194 723 1270 putu
748 1210 810 1271 pru
836 1188 972 1256 viribus
989 1190 1076 1254 meis
1092 1207 1151 1253 me
1168 1181 1374 1265 confecisse,

193 1304 249 1369 sin
275 1308 394 1368 autem
420 1302 456 1366 in
481 1301 631 1390 singulis
652 1303 709 1370 hie
734 1303 805 1371 illie
829 1303 1059 1370 vehementer
1075 1300 1198 1384 erravi,
1219 1290 1374 1364 difficul-

195 1422 267 1482 tate
290 1417 340 1483 rei
365 1417 458 1504 (quis
483 1416 637 1502 dubitet,
669 1419 754 1508 quin
800 1420 837 1486 in
877 1418 946 1486 hae
988 1415 1232 1499 exemplorum
1274 1409 1373 1490 eopia

193 1554 306 1615 paene
332 1534 504 1602 imment-a
532 1533 740 1602 satisfieri
766 1538 885 1621 pessit,
913 1545 951 1603 ut
977 1535 1043 1602 hee
1068 1532 1122 1601 vel
1152 1529 1241 1597 illud
1278 1546 1372 1610 eum,

194 1651 258 1738 qui
282 1649 424 1738 colligit,
450 1650 621 1739 effugiat),
646 1653 696 1718 ita
720 1673 871 1736 speram,
909 1673 1055 1743 quaeso,
1098 1646 1279 1716 lineat-si
1310 1642 1374 1709 Te-

194 1767 364 1833 rentianis
390 1765 506 1833 verbis
531 1767 589 1834 lrie
614 1788 758 1858 queque
783 1771 835 1836 uti
860 1770 912 1836 fas
938 1776 1030 1836 est-

302 1882 513 1972 lgnoseeurli
537 1882 683 1949 dabitur
705 1885 840 1966 peerati
866 1884 974 1956 loeus

596 2085 752 2092 ---·——-.-
775 2088 789 2092 -
835 2088 853 2092 -
877 2089 884 2094 .
946 2085 994 2092 ...ω
