3214 4832
803 287 826 326 4

225 503 384 572 Terentii
408 502 561 571 lectione
586 501 622 566 in
671 498 853 568 Ciceronis
877 517 1041 567 sermone
1087 496 1282 578 eonspioua
1317 517 1403 564 non-

104 627 107 630 ’
226 618 328 686 nulle
352 616 460 685 verbu
493 616 661 686 facerem.

334 731 399 802 His
423 733 626 816 praemissis
652 752 726 798 rem
751 731 864 812 ipsam
890 727 1079 816 ingrediar.

334 849 463 916 Versus
488 847 646 915 Terentii
671 846 871 934 allegantur
895 843 949 910 his
974 842 1059 908 loeis
1086 840 1364 928 Ciceronianis.*)

226 991 281 1056 Ex
326 986 567 1076 subulas)
1270 1063 1271 1066 Ἴ

536 1105 540 1112 ’
1131 1197 1133 1200 ,
1295 1125 1334 1197 v.
1359 1123 1403 1191 to

336 1246 443 1313 Hune
467 1252 503 1313 et
526 1253 596 1313 tres
643 1251 831 1334 sequentes
878 1268 933 1318 vv.
960 1243 1032 1316 Cio.
1058 1243 1101 1310 de
1132 1245 1201 1314 inv.
1224 1242 1258 1328 1,
1281 1240 1336 1328 23,
1359 1239 1402 1306 33

226 1362 382 1449 laudat„
407 1363 564 1430 Partitur
588 1363 680 1445 apud
718 1363 925 1430 Terentium
974 1361 1129 1429 breviter
1153 1366 1188 1427 et
1215 1357 1403 1426 eommode

227 1498 335 1544 senex
360 1478 396 1544 in
423 1477 557 1544 Andria.
581 1478 617 1564 (i.
643 1499 671 1549 e.
702 1477 825 1564 Simo),
862 1497 954 1566 quae
1001 1497 1212 1566 cognossem
1232 1474 1400 1542 libertum

127 1650 130 1654 ,
227 1595 264 1681 (i.
291 1614 319 1660 e.
345 1594 498 1679 Sosiam)
521 1593 616 1661 velit:

1240 1705 1403 1794 (rs-su)

293 1825 350 1892 Eo
376 1830 497 1907 paeto
524 1830 563 1891 et
585 1825 704 1914 gnati
727 1826 856 1892 vitum
884 1830 923 1892 et
947 1815 1176 1892 sensilium
1201 1845 1337 1890 meum

296 1936 531 2030 Cognosces
568 1941 730 2031 etquid
764 1941 911 2009 faoore
948 1941 1219 2008 inhaerete
1256 1939 1402 2013 velim,

335 2054 459 2144 ltaque
482 2055 785 2144 quemadmodum
821 2058 857 2123 in
904 2057 1092 2139 partitione
1137 2057 1328 2142 proposuit,
1354 2056 1402 2122 ita

225 2176 361 2260 narrat,
384 2172 539 2254 primum
562 2173 662 2261 gnati
685 2175 803 2240 vitam:

1242 2287 1402 2377 (51-52)

236 2403 341 2472 Nam
366 2404 400 2470 is
425 2411 643 2493 postquam
670 2407 854 2471 exoessit
878 2425 926 2471 ex
951 2403 1126 2488 ephebis
1152 2403 1304 2488 [Sosia,
1331 2409 1371 2470 et

228 2519 428 2587 Liberius
453 2519 627 2587 vivendi
644 2519 727 2588 fuit
750 2527 983 2603 potestest·

335 2632 476 2700 Deinde
492 2655 597 2702 suum
619 2633 810 2702 eonsilium:

1311 2745 1403 2835 (157)

532 2865 585 2932 Et
608 2886 719 2932 nuno
752 2865 793 2933 id
815 2886 980 2948 operam
1007 2865 1096 2937 do...

333 2978 473 3046 Deinde
498 2977 584 3068 quid
610 2978 747 3046 Sosiam
782 2977 867 3045 velit
907 2977 1034 3061 faeere,
1082 2975 1116 3041 id
1142 2973 1238 3064 quod
1272 2978 1403 3057 postre-

226 3115 326 3160 mum
350 3095 467 3178 posuit
490 3096 525 3161 in
546 3096 744 3181 partitione,
769 3101 989 3178 postremum
1015 3093 1108 3162 dioit:

890 3209 896 3216 '
1309 3202 1403 3289 (168)

532 3326 652 3394 Nune
686 3330 843 3393 tuomst
866 3325 1096 3395 officium...

335 3441 646 3528 Quemadmodum
670 3442 778 3530 igitur
803 3440 860 3507 hie
892 3439 995 3507 etad
1043 3440 1194 3521 primam
1219 3452 1402 3524 quamque

225 3562 363 3639 partem
386 3560 541 3640 primum
568 3559 727 3640 accessit,
754 3563 789 3623 et
813 3555 982 3623 omnibus
1007 3553 1190 3638 absolutis,
1214 3552 1327 3618 finem
1353 3549 1403 3615 di-

227 3673 333 3742 oendi
356 3675 450 3760 feeit,
475 3675 526 3750 sie
551 3673 654 3740 nobis
679 3672 804 3758 plaeet,
830 3677 866 3739 et
888 3671 933 3739 ad
972 3671 1129 3760 singulas
1153 3675 1269 3751 partes
1308 3686 1404 3734 anee-

227 3789 319 3875 dere‚
346 3793 381 3854 et
404 3783 571 3853 omnibus
595 3783 778 3873 absolutis,
802 3787 998 3868 perorare.“

332 4017 373 4089 (*)
392 4020 448 4084 Qui
468 4019 522 4074 loci
541 4019 649 4075 collecti
667 4035 739 4076 sunt:
764 4021 787 4090 Ι)
808 4021 837 4074 in
851 4019 952 4077 Orellii
981 4017 1163 4075 Onomastico
1184 4018 1315 4073 Tulliano
1338 4033 1361 4072 s.
1378 4028 1402 4070 v.

225 4121 380 4187 Terentius,
411 4121 438 4190 2)
468 4121 495 4175 in
526 4119 750 4185 „Testirnoniis,⁸⁴
781 4135 850 4188 quae
883 4117 1123 4185 Umpfenbachius
1143 4115 1259 4170 editioni
1279 4113 1404 4171 Terentii

224 4217 358 4288 (berolini
378 4217 455 4286 1870)
466 4235 490 4287 p.
506 4218 594 4272 XLVl
614 4233 673 4288 sqq.
693 4217 833 4286 inspersit,
853 4229 879 4270 et
898 4215 927 4284 3)
946 4216 974 4270 in
995 4215 1198 4285 Schollmeperi
1214 4215 1233 4268 l.
1250 4232 1273 4267 c.
1291 4231 1317 4282 p.
1333 4213 1348 4265 9
1363 4229 1403 4284 sq.

331 4323 377 4380 *ἢ
396 4315 425 4371 ln
446 4317 595 4373 afferendis
615 4318 758 4373 ‘Ciceronis
783 4315 920 4383 exemplis
943 4331 1008 4370 usus
1032 4331 1094 4370 sum
1115 4313 1159 4368 ed.
1177 4313 1318 4370 Orelliana
1339 4312 1404 4380 (Tu-

229 4420 278 4474 rici
300 4418 461 4488 1826-23),
499 4435 597 4475 rersus
629 4430 720 4472 autem
741 4413 918 4471 Terentianos
946 4430 979 4470 ex
1010 4412 1052 4468 ed.
1083 4411 1260 4468 Dziatzkonis
1289 4409 1404 4483 (Lipsiae

227 4520 309 4592 1884)
328 4520 470 4591 exscripsi.
