<?xml version="1.0" encoding="UTF-8"?>
<!DOCTYPE html PUBLIC "-//W3C//DTD XHTML 1.0 Transitional//EN"
    "http://www.w3.org/TR/xhtml1/DTD/xhtml1-transitional.dtd">
<html xmlns="http://www.w3.org/1999/xhtml" xml:lang="en" lang="en">
 <head>
  <title>
</title>
<meta http-equiv="Content-Type" content="text/html;charset=utf-8" />
  <meta name='ocr-system' content='tesseract 3.04.00' />
  <meta name='ocr-capabilities' content='ocr_page ocr_carea ocr_par ocr_line ocrx_word'/>
</head>
<body>
  <div class='ocr_page' id='page_1' title='image "./terentianadecic00tchegoog_0013.png"; bbox 0 0 3214 4832; ppageno 0'>
   <div class='ocr_carea' id='block_1_1' title="bbox 222 255 1400 2448">
    <p class='ocr_par' dir='ltr' id='par_1_1' title="bbox 680 255 865 340">
     <span class='ocr_line' id='line_1_1' title="bbox 680 255 865 340; baseline 0 0"><span class='ocrx_word' id='word_1_1' title='bbox 680 255 685 270; x_wconf 21' lang='grc' dir='ltr'><strong>Χ</strong></span> <span class='ocrx_word' id='word_1_2' title='bbox 759 271 865 340; x_wconf 70' lang='grc' dir='ltr'>,Ξ-</span> 
     </span>
    </p>

    <p class='ocr_par' dir='ltr' id='par_1_2' title="bbox 332 486 1241 579">
     <span class='ocr_line' id='line_1_2' title="bbox 332 486 1241 579; baseline 0.006 -26"><span class='ocrx_word' id='word_1_3' title='bbox 332 486 503 578; x_wconf 84' lang='lat' dir='ltr'>Magnas</span> <span class='ocrx_word' id='word_1_4' title='bbox 526 509 623 556; x_wconf 88' lang='lat' dir='ltr'>vero</span> <span class='ocrx_word' id='word_1_5' title='bbox 648 493 769 578; x_wconf 87' lang='lat' dir='ltr'>agere</span> <span class='ocrx_word' id='word_1_6' title='bbox 791 489 950 579; x_wconf 80' lang='lat' dir='ltr'><strong>gratias</strong></span> <span class='ocrx_word' id='word_1_7' title='bbox 973 487 1098 557; x_wconf 82' lang='lat' dir='ltr'>Thais</span> <span class='ocrx_word' id='word_1_8' title='bbox 1121 489 1241 558; x_wconf 76' lang='lat' dir='ltr'>mihil</span> 
     </span>
    </p>

    <p class='ocr_par' dir='ltr' id='par_1_3' title="bbox 333 602 562 694">
     <span class='ocr_line' id='line_1_3' title="bbox 333 602 562 694; baseline 0.031 -24"><span class='ocrx_word' id='word_1_9' title='bbox 333 602 562 694; x_wconf 83' lang='lat' dir='ltr'>(Ingentis).</span> 
     </span>
    </p>

    <p class='ocr_par' dir='ltr' id='par_1_4' title="bbox 225 720 1400 1047">
     <span class='ocr_line' id='line_1_4' title="bbox 332 720 1400 815; baseline 0.007 -27"><span class='ocrx_word' id='word_1_10' title='bbox 332 720 424 791; x_wconf 87' lang='lat' dir='ltr'>Satis</span> <span class='ocrx_word' id='word_1_11' title='bbox 448 727 525 789; x_wconf 90' lang='lat' dir='ltr'>erat</span> <span class='ocrx_word' id='word_1_12' title='bbox 553 723 776 806; x_wconf 84' lang='lat' dir='ltr'>respondere:</span> <span class='ocrx_word' id='word_1_13' title='bbox 817 745 1001 814; x_wconf 63' lang='lat' dir='ltr'>magnas,</span> <span class='ocrx_word' id='word_1_14' title='bbox 1037 726 1242 814; x_wconf 79' lang='lat' dir='ltr'>ingentes,</span> <span class='ocrx_word' id='word_1_15' title='bbox 1273 726 1400 815; x_wconf 93' lang='lat' dir='ltr'>inquit.</span> 
     </span>
     <span class='ocr_line' id='line_1_5' title="bbox 226 838 1399 930; baseline 0.002 -24"><span class='ocrx_word' id='word_1_16' title='bbox 226 838 372 922; x_wconf 82' lang='lat' dir='ltr'><strong>Semper</strong></span> <span class='ocrx_word' id='word_1_17' title='bbox 395 843 502 928; x_wconf 87' lang='lat' dir='ltr'>auget</span> <span class='ocrx_word' id='word_1_18' title='bbox 525 845 725 908; x_wconf 79' lang='lat' dir='ltr'>assentator</span> <span class='ocrx_word' id='word_1_19' title='bbox 748 840 794 927; x_wconf 91' lang='lat' dir='ltr'>id,</span> <span class='ocrx_word' id='word_1_20' title='bbox 821 839 915 930; x_wconf 93' lang='lat' dir='ltr'>quod</span> <span class='ocrx_word' id='word_1_21' title='bbox 937 841 976 926; x_wconf 89' lang='lat' dir='ltr'>is,</span> <span class='ocrx_word' id='word_1_22' title='bbox 991 841 1094 907; x_wconf 86' lang='lat' dir='ltr'>ouius</span> <span class='ocrx_word' id='word_1_23' title='bbox 1119 840 1163 907; x_wconf 88' lang='lat' dir='ltr'>ad</span> <span class='ocrx_word' id='word_1_24' title='bbox 1178 838 1399 908; x_wconf 88' lang='lat' dir='ltr'>voluntatem</span> 
     </span>
     <span class='ocr_line' id='line_1_6' title="bbox 225 953 794 1047; baseline 0.007 -28"><span class='ocrx_word' id='word_1_25' title='bbox 225 953 364 1041; x_wconf 81' lang='lat' dir='ltr'>dieitur,</span> <span class='ocrx_word' id='word_1_26' title='bbox 389 953 466 1022; x_wconf 89' lang='lat' dir='ltr'>vult</span> <span class='ocrx_word' id='word_1_27' title='bbox 489 975 566 1024; x_wconf 86' lang='lat' dir='ltr'>esse</span> <span class='ocrx_word' id='word_1_28' title='bbox 589 959 794 1047; x_wconf 85' lang='lat' dir='ltr'>magnum.“</span> 
     </span>
    </p>

    <p class='ocr_par' dir='ltr' id='par_1_5' title="bbox 1137 1071 1400 1146">
     <span class='ocr_line' id='line_1_7' title="bbox 1137 1071 1400 1146; baseline -0.008 -4"><span class='ocrx_word' id='word_1_29' title='bbox 1137 1074 1196 1146; x_wconf 87' lang='lat' dir='ltr'>Vv.</span> <span class='ocrx_word' id='word_1_30' title='bbox 1222 1071 1400 1142; x_wconf 70' lang='lat' dir='ltr'>llo-445</span> 
     </span>
    </p>

    <p class='ocr_par' dir='ltr' id='par_1_6' title="bbox 222 1187 1399 1743">
     <span class='ocr_line' id='line_1_8' title="bbox 331 1187 1399 1279; baseline 0.001 -24"><span class='ocrx_word' id='word_1_31' title='bbox 331 1187 401 1255; x_wconf 85' lang='lat' dir='ltr'>Sex</span> <span class='ocrx_word' id='word_1_32' title='bbox 426 1189 579 1279; x_wconf 82' lang='lat' dir='ltr'>integros</span> <span class='ocrx_word' id='word_1_33' title='bbox 603 1188 711 1258; x_wconf 86' lang='lat' dir='ltr'>hosee</span> <span class='ocrx_word' id='word_1_34' title='bbox 734 1210 857 1258; x_wconf 86' lang='lat' dir='ltr'>versus</span> <span class='ocrx_word' id='word_1_35' title='bbox 881 1188 1005 1257; x_wconf 89' lang='lat' dir='ltr'>laudat</span> <span class='ocrx_word' id='word_1_36' title='bbox 1022 1187 1094 1258; x_wconf 80' lang='lat' dir='ltr'>Oia.</span> <span class='ocrx_word' id='word_1_37' title='bbox 1113 1190 1208 1262; x_wconf 87' lang='lat' dir='ltr'>Fam.</span> <span class='ocrx_word' id='word_1_38' title='bbox 1232 1187 1264 1275; x_wconf 87' lang='lat'>1,</span> <span class='ocrx_word' id='word_1_39' title='bbox 1290 1187 1320 1277; x_wconf 86' lang='lat'>9,</span> <span class='ocrx_word' id='word_1_40' title='bbox 1345 1190 1399 1274; x_wconf 89' lang='grc'>19,</span> 
     </span>
     <span class='ocr_line' id='line_1_9' title="bbox 226 1305 1399 1394; baseline 0.001 -22"><span class='ocrx_word' id='word_1_41' title='bbox 226 1305 288 1373; x_wconf 91' lang='lat' dir='ltr'>ubi</span> <span class='ocrx_word' id='word_1_42' title='bbox 312 1327 371 1374; x_wconf 87' lang='lat' dir='ltr'>eos</span> <span class='ocrx_word' id='word_1_43' title='bbox 396 1306 441 1374; x_wconf 89' lang='lat' dir='ltr'>ad</span> <span class='ocrx_word' id='word_1_44' title='bbox 466 1328 542 1374; x_wconf 87' lang='lat' dir='ltr'>rem</span> <span class='ocrx_word' id='word_1_45' title='bbox 566 1327 669 1375; x_wconf 86' lang='lat' dir='ltr'>suam</span> <span class='ocrx_word' id='word_1_46' title='bbox 693 1305 942 1374; x_wconf 73' lang='lat' dir='ltr'><strong>illustrandam</strong></span> <span class='ocrx_word' id='word_1_47' title='bbox 971 1306 1251 1394; x_wconf 75' lang='lat' dir='ltr'>accommodat„</span> <span class='ocrx_word' id='word_1_48' title='bbox 1268 1307 1338 1376; x_wconf 84' lang='lat' dir='ltr'>Sed</span> <span class='ocrx_word' id='word_1_49' title='bbox 1353 1312 1399 1373; x_wconf 88' lang='lat' dir='ltr'>ta-</span> 
     </span>
     <span class='ocr_line' id='line_1_10' title="bbox 223 1410 1399 1514; baseline 0.003 -26"><span class='ocrx_word' id='word_1_50' title='bbox 223 1443 307 1489; x_wconf 85' lang='lat' dir='ltr'>men</span> <span class='ocrx_word' id='word_1_51' title='bbox 332 1421 549 1492; x_wconf 85' lang='lat' dir='ltr'>defendendi</span> <span class='ocrx_word' id='word_1_52' title='bbox 563 1410 704 1491; x_wconf 53' lang='lat' dir='ltr'>&#39;Vatinii</span> <span class='ocrx_word' id='word_1_53' title='bbox 727 1423 796 1490; x_wconf 85' lang='lat' dir='ltr'>luit</span> <span class='ocrx_word' id='word_1_54' title='bbox 818 1425 925 1491; x_wconf 87' lang='lat' dir='ltr'>etiam</span> <span class='ocrx_word' id='word_1_55' title='bbox 942 1423 1002 1491; x_wconf 90' lang='lat' dir='ltr'>ille</span> <span class='ocrx_word' id='word_1_56' title='bbox 1016 1423 1193 1510; x_wconf 91' lang='lat' dir='ltr'>stimulus,</span> <span class='ocrx_word' id='word_1_57' title='bbox 1216 1423 1346 1514; x_wconf 87' lang='lat' dir='ltr'>dequo</span> <span class='ocrx_word' id='word_1_58' title='bbox 1362 1426 1399 1492; x_wconf 92' lang='lat' dir='ltr'>in</span> 
     </span>
     <span class='ocr_line' id='line_1_11' title="bbox 222 1537 1397 1630; baseline 0.002 -25"><span class='ocrx_word' id='word_1_59' title='bbox 222 1537 365 1625; x_wconf 86' lang='lat' dir='ltr'>iudioio,</span> <span class='ocrx_word' id='word_1_60' title='bbox 389 1560 502 1630; x_wconf 93' lang='lat' dir='ltr'>quum</span> <span class='ocrx_word' id='word_1_61' title='bbox 526 1539 629 1607; x_wconf 91' lang='lat' dir='ltr'>illum</span> <span class='ocrx_word' id='word_1_62' title='bbox 652 1539 891 1626; x_wconf 82' lang='lat' dir='ltr'>defenderem,</span> <span class='ocrx_word' id='word_1_63' title='bbox 913 1541 985 1607; x_wconf 85' lang='lat' dir='ltr'>dixi</span> <span class='ocrx_word' id='word_1_64' title='bbox 1004 1563 1062 1608; x_wconf 88' lang='lat' dir='ltr'>me</span> <span class='ocrx_word' id='word_1_65' title='bbox 1077 1540 1197 1627; x_wconf 32' lang='lat' dir='ltr'>faeere,</span> <span class='ocrx_word' id='word_1_66' title='bbox 1216 1542 1397 1630; x_wconf 86' lang='lat' dir='ltr'>quiddam,</span> 
     </span>
     <span class='ocr_line' id='line_1_12' title="bbox 223 1653 1112 1743; baseline 0.009 -21"><span class='ocrx_word' id='word_1_67' title='bbox 223 1653 320 1743; x_wconf 92' lang='lat' dir='ltr'>quod</span> <span class='ocrx_word' id='word_1_68' title='bbox 344 1656 381 1723; x_wconf 92' lang='lat' dir='ltr'>in</span> <span class='ocrx_word' id='word_1_69' title='bbox 407 1655 584 1724; x_wconf 80' lang='lat' dir='ltr'>Eunucho</span> <span class='ocrx_word' id='word_1_70' title='bbox 608 1659 785 1741; x_wconf 78' lang='lat' dir='ltr'>parasitus</span> <span class='ocrx_word' id='word_1_71' title='bbox 809 1657 976 1726; x_wconf 87' lang='lat' dir='ltr'>suaderet</span> <span class='ocrx_word' id='word_1_72' title='bbox 998 1657 1112 1729; x_wconf 86' lang='lat' dir='ltr'>militi:</span> 
     </span>
    </p>

    <p class='ocr_par' dir='ltr' id='par_1_7' title="bbox 329 1749 1378 1868">
     <span class='ocr_line' id='line_1_13' title="bbox 329 1749 1378 1868; baseline 0.002 -29"><span class='ocrx_word' id='word_1_73' title='bbox 329 1769 409 1839; x_wconf 92' lang='lat' dir='ltr'>Ubi</span> <span class='ocrx_word' id='word_1_74' title='bbox 433 1772 673 1840; x_wconf 83' lang='lat' dir='ltr'>nominabit</span> <span class='ocrx_word' id='word_1_75' title='bbox 697 1771 961 1860; x_wconf 83' lang='lat' dir='ltr'>Phaedriam,</span> <span class='ocrx_word' id='word_1_76' title='bbox 987 1781 1030 1842; x_wconf 91' lang='lat' dir='ltr'>tu</span> <span class='ocrx_word' id='word_1_77' title='bbox 1054 1749 1344 1858; x_wconf 88' lang='lat' dir='ltr'>Pamphilam</span> <span class='ocrx_word' id='word_1_78' title='bbox 1374 1861 1378 1868; x_wconf 13' lang='grc' dir='ltr'>ἢ</span> 
     </span>
    </p>

    <p class='ocr_par' dir='ltr' id='par_1_8' title="bbox 331 1887 1347 1982">
     <span class='ocr_line' id='line_1_14' title="bbox 331 1887 1347 1982; baseline 0.001 -26"><span class='ocrx_word' id='word_1_79' title='bbox 331 1887 557 1978; x_wconf 68' lang='lat' dir='ltr'>Continuo,</span> <span class='ocrx_word' id='word_1_80' title='bbox 580 1893 615 1959; x_wconf 90' lang='lat' dir='ltr'>si</span> <span class='ocrx_word' id='word_1_81' title='bbox 638 1892 808 1982; x_wconf 90' lang='lat' dir='ltr'>quando</span> <span class='ocrx_word' id='word_1_82' title='bbox 833 1890 910 1959; x_wconf 91' lang='lat' dir='ltr'>illa</span> <span class='ocrx_word' id='word_1_83' title='bbox 934 1891 1046 1959; x_wconf 87' lang='lat' dir='ltr'>dioet</span> <span class='ocrx_word' id='word_1_84' title='bbox 1070 1892 1347 1978; x_wconf 89' lang='lat' dir='ltr'>„Phaedriam</span> 
     </span>
    </p>

    <p class='ocr_par' dir='ltr' id='par_1_9' title="bbox 331 2002 1308 2092">
     <span class='ocr_line' id='line_1_15' title="bbox 331 2002 1308 2092; baseline 0 -20"><span class='ocrx_word' id='word_1_85' title='bbox 331 2002 447 2072; x_wconf 88' lang='lat' dir='ltr'>Intro</span> <span class='ocrx_word' id='word_1_86' title='bbox 472 2006 689 2074; x_wconf 88' lang='lat' dir='ltr'>mittamus</span> <span class='ocrx_word' id='word_1_87' title='bbox 714 2007 1023 2092; x_wconf 82' lang='lat' dir='ltr'>oonrissatum“,</span> <span class='ocrx_word' id='word_1_88' title='bbox 1048 2007 1308 2090; x_wconf 85' lang='lat' dir='ltr'>Pamphilam</span> 
     </span>
    </p>

    <p class='ocr_par' dir='ltr' id='par_1_10' title="bbox 331 2122 1282 2218">
     <span class='ocr_line' id='line_1_16' title="bbox 331 2122 1282 2218; baseline -0.002 -26"><span class='ocrx_word' id='word_1_89' title='bbox 331 2122 556 2192; x_wconf 82' lang='lat' dir='ltr'>Cantatum</span> <span class='ocrx_word' id='word_1_90' title='bbox 581 2145 867 2211; x_wconf 62' lang='lat' dir='ltr'>provocemus,</span> <span class='ocrx_word' id='word_1_91' title='bbox 892 2125 927 2192; x_wconf 92' lang='lat' dir='ltr'>si</span> <span class='ocrx_word' id='word_1_92' title='bbox 950 2122 1147 2192; x_wconf 88' lang='lat' dir='ltr'>laudabit</span> <span class='ocrx_word' id='word_1_93' title='bbox 1170 2123 1282 2218; x_wconf 90' lang='lat' dir='ltr'>haeo</span> 
     </span>
    </p>

    <p class='ocr_par' dir='ltr' id='par_1_11' title="bbox 331 2237 1280 2328">
     <span class='ocr_line' id='line_1_17' title="bbox 331 2237 1280 2328; baseline 0.003 -24"><span class='ocrx_word' id='word_1_94' title='bbox 331 2237 452 2307; x_wconf 87' lang='lat' dir='ltr'>lllius</span> <span class='ocrx_word' id='word_1_95' title='bbox 476 2238 665 2327; x_wconf 84' lang='lat' dir='ltr'>formam,</span> <span class='ocrx_word' id='word_1_96' title='bbox 689 2246 732 2307; x_wconf 96' lang='lat' dir='ltr'>tu</span> <span class='ocrx_word' id='word_1_97' title='bbox 756 2240 882 2309; x_wconf 90' lang='lat' dir='ltr'>huius</span> <span class='ocrx_word' id='word_1_98' title='bbox 912 2247 1070 2312; x_wconf 84' lang='lat' dir='ltr'>eontra..</span> <span class='ocrx_word' id='word_1_99' title='bbox 1097 2239 1280 2328; x_wconf 89' lang='lat' dir='ltr'>denique</span> 
     </span>
    </p>

    <p class='ocr_par' dir='ltr' id='par_1_12' title="bbox 331 2355 1285 2448">
     <span class='ocr_line' id='line_1_18' title="bbox 331 2355 1285 2448; baseline 0.006 -24"><span class='ocrx_word' id='word_1_100' title='bbox 331 2355 412 2424; x_wconf 90' lang='lat' dir='ltr'>Par</span> <span class='ocrx_word' id='word_1_101' title='bbox 435 2377 509 2439; x_wconf 93' lang='lat' dir='ltr'>pro</span> <span class='ocrx_word' id='word_1_102' title='bbox 532 2358 622 2439; x_wconf 91' lang='lat' dir='ltr'>pari</span> <span class='ocrx_word' id='word_1_103' title='bbox 647 2358 814 2444; x_wconf 84' lang='lat' dir='ltr'>referto,</span> <span class='ocrx_word' id='word_1_104' title='bbox 840 2357 948 2448; x_wconf 93' lang='lat' dir='ltr'>quod</span> <span class='ocrx_word' id='word_1_105' title='bbox 975 2379 1063 2424; x_wconf 88' lang='lat' dir='ltr'>eam</span> <span class='ocrx_word' id='word_1_106' title='bbox 1087 2358 1285 2429; x_wconf 82' lang='lat' dir='ltr'>mordeat.</span> 
     </span>
    </p>
   </div>
   <div class='ocr_carea' id='block_1_2' title="bbox 222 2470 1398 3033">
    <p class='ocr_par' dir='ltr' id='par_1_13' title="bbox 332 2470 1398 2564">
     <span class='ocr_line' id='line_1_19' title="bbox 332 2470 1398 2564; baseline 0.006 -25"><span class='ocrx_word' id='word_1_107' title='bbox 332 2472 434 2555; x_wconf 87' lang='lat' dir='ltr'>Apud</span> <span class='ocrx_word' id='word_1_108' title='bbox 462 2470 532 2546; x_wconf 85' lang='lat' dir='ltr'>Cio.</span> <span class='ocrx_word' id='word_1_109' title='bbox 555 2475 593 2541; x_wconf 89' lang='lat' dir='ltr'>iu</span> <span class='ocrx_word' id='word_1_110' title='bbox 618 2496 649 2547; x_wconf 88' lang='lat' dir='ltr'>v.</span> <span class='ocrx_word' id='word_1_111' title='bbox 666 2471 730 2540; x_wconf 78' lang='lat' dir='ltr'>lla</span> <span class='ocrx_word' id='word_1_112' title='bbox 746 2481 824 2556; x_wconf 88' lang='lat' dir='ltr'>post</span> <span class='ocrx_word' id='word_1_113' title='bbox 844 2475 1122 2559; x_wconf 79' lang='lat' dir='ltr'>„comissatum“</span> <span class='ocrx_word' id='word_1_114' title='bbox 1139 2473 1267 2564; x_wconf 83' lang='lat' dir='ltr'>legitur</span> <span class='ocrx_word' id='word_1_115' title='bbox 1302 2476 1398 2563; x_wconf 84' lang='lat' dir='ltr'>„tu“.</span> 
     </span>
    </p>

    <p class='ocr_par' dir='ltr' id='par_1_14' title="bbox 1225 2589 1398 2663">
     <span class='ocr_line' id='line_1_20' title="bbox 1225 2589 1398 2663; baseline 0 -5"><span class='ocrx_word' id='word_1_116' title='bbox 1225 2591 1263 2663; x_wconf 82' lang='lat' dir='ltr'>V.</span> <span class='ocrx_word' id='word_1_117' title='bbox 1288 2589 1398 2658; x_wconf 83' lang='lat'>539-</span> 
     </span>
    </p>

    <p class='ocr_par' dir='ltr' id='par_1_15' title="bbox 331 2686 1397 2796">
     <span class='ocr_line' id='line_1_21' title="bbox 331 2686 1397 2796; baseline 0.001 -21"><span class='ocrx_word' id='word_1_118' title='bbox 331 2705 432 2775; x_wconf 88' lang='lat' dir='ltr'>Heri</span> <span class='ocrx_word' id='word_1_119' title='bbox 456 2705 625 2796; x_wconf 85' lang='lat' dir='ltr'>aliquod</span> <span class='ocrx_word' id='word_1_120' title='bbox 652 2689 969 2774; x_wconf 75' lang='lat' dir='ltr'>adulescentuli</span> <span class='ocrx_word' id='word_1_121' title='bbox 987 2686 1219 2774; x_wconf 87' lang='lat' dir='ltr'>eoiimusiu</span> <span class='ocrx_word' id='word_1_122' title='bbox 1246 2689 1397 2776; x_wconf 84' lang='lat' dir='ltr'>Piraeo</span> 
     </span>
    </p>

    <p class='ocr_par' dir='ltr' id='par_1_16' title="bbox 222 2821 1397 3033">
     <span class='ocr_line' id='line_1_22' title="bbox 222 2821 1397 2916; baseline 0.002 -25"><span class='ocrx_word' id='word_1_123' title='bbox 222 2826 404 2892; x_wconf 91' lang='lat' dir='ltr'>invenitur</span> <span class='ocrx_word' id='word_1_124' title='bbox 427 2823 519 2908; x_wconf 91' lang='lat' dir='ltr'>apud</span> <span class='ocrx_word' id='word_1_125' title='bbox 560 2825 632 2899; x_wconf 78' lang='lat' dir='ltr'>dio.</span> <span class='ocrx_word' id='word_1_126' title='bbox 657 2825 727 2898; x_wconf 88' lang='lat' dir='ltr'>Att.</span> <span class='ocrx_word' id='word_1_127' title='bbox 766 2821 796 2910; x_wconf 82' lang='lat'>7,</span> <span class='ocrx_word' id='word_1_128' title='bbox 820 2821 851 2910; x_wconf 89' lang='lat'>3,</span> <span class='ocrx_word' id='word_1_129' title='bbox 877 2821 923 2889; x_wconf 88' lang='lat'>10</span> <span class='ocrx_word' id='word_1_130' title='bbox 954 2822 1144 2908; x_wconf 70' lang='lat' dir='ltr'>(utsupra</span> <span class='ocrx_word' id='word_1_131' title='bbox 1177 2847 1208 2897; x_wconf 90' lang='lat' dir='ltr'>v.</span> <span class='ocrx_word' id='word_1_132' title='bbox 1233 2823 1299 2892; x_wconf 72' lang='lat'>114</span> <span class='ocrx_word' id='word_1_133' title='bbox 1323 2829 1397 2916; x_wconf 56' lang='lat' dir='ltr'>sq),</span> 
     </span>
     <span class='ocr_line' id='line_1_23' title="bbox 223 2942 783 3033; baseline -0.004 -22"><span class='ocrx_word' id='word_1_134' title='bbox 223 2943 286 3011; x_wconf 88' lang='lat' dir='ltr'>sed</span> <span class='ocrx_word' id='word_1_135' title='bbox 311 2942 439 3033; x_wconf 78' lang='lat' dir='ltr'>legitur</span> <span class='ocrx_word' id='word_1_136' title='bbox 462 2942 513 3009; x_wconf 93' lang='lat' dir='ltr'>ibi</span> <span class='ocrx_word' id='word_1_137' title='bbox 537 2943 783 3029; x_wconf 84' lang='lat' dir='ltr'>„Piraeeum.“</span> 
     </span>
    </p>
   </div>
   <div class='ocr_carea' id='block_1_3' title="bbox 223 3053 1397 3614">
    <p class='ocr_par' dir='ltr' id='par_1_17' title="bbox 223 3053 1397 3614">
     <span class='ocr_line' id='line_1_24' title="bbox 1271 3053 1397 3128; baseline 0.008 -5"><span class='ocrx_word' id='word_1_138' title='bbox 1271 3056 1307 3128; x_wconf 88' lang='lat' dir='ltr'>V.</span> <span class='ocrx_word' id='word_1_139' title='bbox 1333 3053 1397 3124; x_wconf 79' lang='lat'>732</span> 
     </span>
     <span class='ocr_line' id='line_1_25' title="bbox 331 3171 1396 3262; baseline -0.006 -18"><span class='ocrx_word' id='word_1_140' title='bbox 331 3175 412 3245; x_wconf 87' lang='lat' dir='ltr'>Huo</span> <span class='ocrx_word' id='word_1_141' title='bbox 434 3177 588 3258; x_wconf 84' lang='lat' dir='ltr'>partinet</span> <span class='ocrx_word' id='word_1_142' title='bbox 613 3173 683 3246; x_wconf 82' lang='lat' dir='ltr'>Oia.</span> <span class='ocrx_word' id='word_1_143' title='bbox 709 3174 753 3242; x_wconf 90' lang='lat' dir='ltr'>de</span> <span class='ocrx_word' id='word_1_144' title='bbox 776 3197 811 3247; x_wconf 87' lang='lat' dir='ltr'>n.</span> <span class='ocrx_word' id='word_1_145' title='bbox 839 3175 871 3245; x_wconf 90' lang='lat' dir='ltr'>d.</span> <span class='ocrx_word' id='word_1_146' title='bbox 896 3174 927 3260; x_wconf 82' lang='lat'>2,</span> <span class='ocrx_word' id='word_1_147' title='bbox 952 3173 1004 3260; x_wconf 82' lang='lat'>23,</span> <span class='ocrx_word' id='word_1_148' title='bbox 1037 3172 1123 3246; x_wconf 79' lang='lat'><strong>602...</strong></span> <span class='ocrx_word' id='word_1_149' title='bbox 1156 3173 1310 3262; x_wconf 83' lang='lat' dir='ltr'>„Fruges</span> <span class='ocrx_word' id='word_1_150' title='bbox 1336 3171 1396 3239; x_wconf 78' lang='lat' dir='ltr'>Oe</span> 
     </span>
     <span class='ocr_line' id='line_1_26' title="bbox 224 3284 1391 3378; baseline -0.006 -19"><span class='ocrx_word' id='word_1_151' title='bbox 224 3291 742 3378; x_wconf 88' lang='lat' dir='ltr'>1·eremappellamus,vinum</span> <span class='ocrx_word' id='word_1_152' title='bbox 768 3297 889 3358; x_wconf 89' lang='lat' dir='ltr'>autem</span> <span class='ocrx_word' id='word_1_153' title='bbox 914 3289 1096 3374; x_wconf 81' lang='lat' dir='ltr'>Liberum3</span> <span class='ocrx_word' id='word_1_154' title='bbox 1122 3311 1163 3356; x_wconf 86' lang='lat' dir='ltr'>ex</span> <span class='ocrx_word' id='word_1_155' title='bbox 1200 3308 1270 3377; x_wconf 92' lang='lat' dir='ltr'>quo</span> <span class='ocrx_word' id='word_1_156' title='bbox 1305 3284 1391 3353; x_wconf 92' lang='lat' dir='ltr'>illud</span> 
     </span>
     <span class='ocr_line' id='line_1_27' title="bbox 223 3408 390 3494; baseline 0.006 -19"><span class='ocrx_word' id='word_1_157' title='bbox 223 3408 390 3494; x_wconf 87' lang='lat' dir='ltr'>Terentii,</span> 
     </span>
     <span class='ocr_line' id='line_1_28' title="bbox 358 3520 1257 3614; baseline -0.002 -22"><span class='ocrx_word' id='word_1_158' title='bbox 358 3525 456 3592; x_wconf 88' lang='lat' dir='ltr'>Sine</span> <span class='ocrx_word' id='word_1_159' title='bbox 481 3524 631 3594; x_wconf 81' lang='lat' dir='ltr'>Cerere</span> <span class='ocrx_word' id='word_1_160' title='bbox 656 3533 695 3593; x_wconf 89' lang='lat' dir='ltr'>et</span> <span class='ocrx_word' id='word_1_161' title='bbox 719 3525 869 3593; x_wconf 89' lang='lat' dir='ltr'>Libero</span> <span class='ocrx_word' id='word_1_162' title='bbox 893 3524 1019 3614; x_wconf 81' lang='lat' dir='ltr'>friget</span> <span class='ocrx_word' id='word_1_163' title='bbox 1041 3520 1257 3609; x_wconf 64' lang='lat' dir='ltr'>Venusd*)“</span> 
     </span>
    </p>
   </div>
   <div class='ocr_carea' id='block_1_4' title="bbox 227 4265 1401 4449">
    <p class='ocr_par' dir='ltr' id='par_1_18' title="bbox 227 4265 1401 4449">
     <span class='ocr_line' id='line_1_29' title="bbox 332 4265 1401 4352; baseline -0.02 -12"><span class='ocrx_word' id='word_1_164' title='bbox 332 4280 371 4352; x_wconf 88' lang='lat'>(*)</span> <span class='ocrx_word' id='word_1_165' title='bbox 383 4284 425 4339; x_wconf 91' lang='lat' dir='ltr'>De</span> <span class='ocrx_word' id='word_1_166' title='bbox 438 4282 492 4336; x_wconf 89' lang='lat' dir='ltr'>hoc</span> <span class='ocrx_word' id='word_1_167' title='bbox 502 4281 653 4352; x_wconf 77' lang='lat' dir='ltr'>proverbio</span> <span class='ocrx_word' id='word_1_168' title='bbox 666 4277 699 4335; x_wconf 83' lang='lat' dir='ltr'>cf.</span> <span class='ocrx_word' id='word_1_169' title='bbox 721 4273 811 4336; x_wconf 82' lang='lat' dir='ltr'>WYS</span> <span class='ocrx_word' id='word_1_170' title='bbox 816 4275 836 4330; x_wconf 90' lang='lat' dir='ltr'><strong><em>S</em></strong></span> <span class='ocrx_word' id='word_1_171' title='bbox 852 4273 904 4336; x_wconf 76' lang='lat' dir='ltr'>W..</span> <span class='ocrx_word' id='word_1_172' title='bbox 918 4275 970 4328; x_wconf 79' lang='lat' dir='ltr'>DIe</span> <span class='ocrx_word' id='word_1_173' title='bbox 984 4272 1198 4339; x_wconf 78' lang='lat' dir='ltr'>Spruchworter</span> <span class='ocrx_word' id='word_1_174' title='bbox 1211 4269 1253 4323; x_wconf 88' lang='lat' dir='ltr'>bei</span> <span class='ocrx_word' id='word_1_175' title='bbox 1274 4265 1326 4322; x_wconf 82' lang='lat' dir='ltr'>deu</span> <span class='ocrx_word' id='word_1_176' title='bbox 1346 4268 1401 4320; x_wconf 75' lang='lat' dir='ltr'>Ro·</span> 
     </span>
     <span class='ocr_line' id='line_1_30' title="bbox 227 4367 1400 4449; baseline -0.016 -13"><span class='ocrx_word' id='word_1_177' title='bbox 227 4383 352 4438; x_wconf 86' lang='lat' dir='ltr'>mischen</span> <span class='ocrx_word' id='word_1_178' title='bbox 371 4381 523 4438; x_wconf 80' lang='lat' dir='ltr'>Komilrern</span> <span class='ocrx_word' id='word_1_179' title='bbox 543 4379 654 4449; x_wconf 76' lang='lat' dir='ltr'>(Zdrich</span> <span class='ocrx_word' id='word_1_180' title='bbox 675 4377 758 4446; x_wconf 71' lang='lat'>188⁹)</span> <span class='ocrx_word' id='word_1_181' title='bbox 776 4393 800 4445; x_wconf 87' lang='lat' dir='ltr'>p.</span> <span class='ocrx_word' id='word_1_182' title='bbox 822 4376 836 4431; x_wconf 88' lang='grc'><strong><em>8</em></strong></span> <span class='ocrx_word' id='word_1_183' title='bbox 859 4391 899 4445; x_wconf 83' lang='lat' dir='ltr'>sq·</span> <span class='ocrx_word' id='word_1_184' title='bbox 919 4386 946 4428; x_wconf 86' lang='lat' dir='ltr'>ct</span> <span class='ocrx_word' id='word_1_185' title='bbox 970 4371 1076 4427; x_wconf 80' lang='lat' dir='ltr'><em>OTTO</em></span> <span class='ocrx_word' id='word_1_186' title='bbox 1090 4372 1134 4434; x_wconf 65' lang='lat' dir='ltr'>A,</span> <span class='ocrx_word' id='word_1_187' title='bbox 1155 4371 1208 4426; x_wconf 91' lang='lat' dir='ltr'>Die</span> <span class='ocrx_word' id='word_1_188' title='bbox 1224 4367 1400 4437; x_wconf 71' lang='lat' dir='ltr'>Sprichwiu·</span> 
     </span>
    </p>
   </div>
   <div class='ocr_carea' id='block_1_5' title="bbox 0 0 1613 4832">
    <p class='ocr_par' dir='ltr' id='par_1_19' title="bbox 0 0 1613 4832">
     <span class='ocr_line' id='line_1_31' title="bbox 0 0 1613 4832; baseline 0 0"><span class='ocrx_word' id='word_1_189' title='bbox 0 0 1613 4832; x_wconf 95' lang='lat' dir='ltr'> </span> 
     </span>
    </p>
   </div>
  </div>
 </body>
</html>
