3238 4832
810 217 858 257 94

784 273 889 283 *-

250 431 388 512 putavit
426 427 600 496 vocabula
636 429 751 511 prisca
788 439 823 498 et
863 428 1081 519 vulgaria(*),
1115 428 1232 496 multa
1266 427 1311 495 ab
1347 429 1424 512 ipso

248 552 379 613 novata
410 545 521 614 verba
553 547 782 627 arripuerunt
814 545 932 628 plures
948 553 1136 636 argenteae
1160 547 1288 614 aetatis
1314 547 1424 628 scrip-

248 662 418 747 tores(**),
466 681 574 750 quam
612 657 730 744 verba,
755 680 848 749 quae
872 657 1064 736 Terentius
1087 679 1108 723 a
1133 655 1262 723 Plauto
1287 647 1445 722 assum-¹

246 783 372 862 psci-at,
398 778 592 857 praesensit
625 778 722 842 enirn
746 783 852 859 poeta
876 795 968 865 quae
992 773 1178 859 vocabula,
1214 772 1299 839 licet
1340 778 1421 839 tum

247 892 387 975 usitata,
414 891 506 957 ferre
530 897 683 958 aetatem
708 891 908 980 nequirent.

353 1009 468 1075 Etiam
495 1007 618 1076 Cicero
643 1008 764 1090 petivit
787 1005 991 1075 aTerentio
1016 1004 1119 1087 plura
1144 1005 1293 1073 huiusce
1321 1004 1418 1071 incili

246 1119 427 1207 vocabula,
453 1142 562 1210 quam
587 1143 681 1211 qnae
705 1130 809 1206 poeta
832 1145 853 1189 a
876 1119 1053 1203 prioribus
1079 1126 1229 1202 ceperat.

355 1239 432 1326 Quo
470 1239 602 1306 laetum
642 1245 704 1324 est,
730 1244 770 1305 ut
792 1259 905 1321 purus
946 1245 981 1304 et
1005 1243 1120 1304 tersus
1146 1257 1262 1304 sermo
1287 1235 1427 1305 Teren-

246 1355 449 1441 tianusl***)
477 1357 615 1438 propior
627 1361 721 1422 esset
746 1353 991 1438 Ciceroniauo,
1019 1374 1128 1443 quam
1155 1352 1275 1420 Plauti
1301 1373 1424 1420 sermo

244 1471 397 1560 vulgaris
433 1473 588 1538 sermoni
621 1469 896 1556 Terentii(****).
936 1467 1061 1537 Cicero
1087 1471 1123 1535 in
1149 1468 1330 1537 vocabulis
1356 1489 1423 1535 no-

243 1587 380 1672 vandis,
407 1599 576 1669 utsupra
601 1586 763 1669 (linimen,
787 1587 882 1653 viani
907 1586 987 1651 iniit
1000 1583 1266 1669 Terentianum,
1294 1583 1420 1651 multis

241 1723 327 1771 usus
361 1710 414 1769 est
437 1700 553 1770 verbis
592 1702 816 1770 Terentiunis
848 1702 1138 1791 metaphorisque
1161 1701 1268 1768 huius
1295 1708 1424 1784 poetae

242 1821 369 1888 comici
393 1821 512 1888 favere
537 1819 683 1891 studuit.
696 1822 817 1906 (*****)

351 1936 483 2022 Restat,
521 1944 560 2003 ut
583 1937 724 2002 veniam
763 1937 851 2003 mihi
889 1945 1017 2023 petam,
1050 1937 1147 2026 quod
1182 1958 1257 2004 non
1282 1957 1418 2022 omneS,

245 2074 336 2142 quae
373 2052 465 2119 hanc
493 2054 529 2118 in
556 2073 630 2118 rem
656 2051 820 2119 incidunt
845 2055 1071 2142 quaestiones
1096 2051 1301 2135 complexus
1326 2073 1419 2135 sum,

244 2168 350 2242 velut:
372 2190 442 2258 qua
458 2169 594 2234 ratione
612 2167 803 2237 Terentius
825 2169 1080 2236 vocabulorum
1114 2168 1420 2257 significationem

244 2292 400 2353 mutaret
433 2292 542 2376 atque
578 2288 740 2372 variaret,
779 2285 824 2353 tle
847 2284 1075 2354 Terentianis
1099 2284 1296 2353 rarioribus
1321 2284 1420 2352 locu-

246 2403 402 2472 tionibus
426 2403 661 2493 formulisque
685 2402 858 2492 loquendi
882 2409 918 2470 et
941 2402 985 2469 de
1009 2402 1205 2470 rarioribus
1220 2403 1418 2488 structuris,

242 2519 303 2587 secl
338 2521 410 2587 iam
433 2520 548 2587 sentio
573 2540 630 2586 me
654 2539 731 2587 esse
754 2520 894 2609 longius
919 2524 1139 2607 provectum,
1163 2539 1270 2608 qnam
1296 2539 1420 2602 propo-

242 2637 310 2704 sita
332 2639 424 2704 ratio
449 2634 655 2720 postularet,
680 2655 789 2724 quam
816 2634 860 2702 ob
886 2656 959 2702 rem
988 2641 1105 2702 cetera
1130 2639 1286 2717 ternpore
1303 2634 1421 2703 exclu-

242 2773 301 2820 sus
326 2754 362 2819 in
388 2753 552 2821 futurum
577 2751 714 2824 differe.

618 2864 1044 2872 ——-.-.—-———-—-

347 2979 383 3041 (¹¹)
421 2981 569 3036 Terentius
605 2996 709 3034 novare
728 2994 811 3032 ausus
831 2991 872 3033 est
891 2978 950 3033 sola
970 2979 1142 3033 substantiva
1165 2979 1194 3032 in
1215 2976 1351 3044 ¹,o(0nis)¹‘
1374 2995 1420 3033 ex·

241 3079 339 3131 euntia.
361 3080 439 3143 Quae
459 3079 584 3150 vulgaria
605 3081 689 3134 rerba
710 3095 791 3150 quarn
812 3079 959 3133 habuerint
978 3091 1083 3133 sortem
1105 3078 1163 3132 vid.
1184 3075 1311 3132 FISCH
1331 3094 1356 3146 p.
1376 3079 1421 3133 47.

346 3175 400 3247 (**)
455 3178 593 3247 Apuleius
632 3192 659 3232 et
679 3177 794 3244 Gellius,
814 3189 843 3230 ut
880 3193 966 3240 supra
1004 3181 1039 3246 (p.
1059 3177 1093 3232 89
1114 3190 1140 3232 et
1159 3177 1205 3248 83)
1244 3178 1420 3232 demonstra·

240 3289 297 3328 turn
319 3289 369 3342 est,
388 3278 461 3344 ipsas
481 3293 590 3348 quoque
608 3275 789 3332 Terentianas
810 3277 927 3345 phrases
947 3277 1048 3332 imitari
1068 3278 1203 3333 solebant.

345 3373 418 3442 tw)
457 3374 499 3430 Cf.
519 3375 757 3429 BOETTIGER
777 3374 804 3427 Ο.
826 3374 870 3440 A,
891 3376 933 3430 De
952 3376 1180 3444 interpretatione
1206 3372 1329 3431 Terentii
1349 3376 1419 3440 (Gu-

240 3473 325 3526 benae
356 3471 436 3538 1786)
454 3490 479 3542 p.
499 3473 525 3533 6.
543 3473 675 3527 RIESE
691 3472 736 3534 A..
759 3475 800 3528 De
821 3475 930 3528 obiecto
950 3472 1060 3528 interno
1080 3473 1152 3542 apud
1173 3471 1300 3529 Plautum
1321 3486 1347 3529 et
1367 3475 1418 3529 Te-

241 3570 360 3624 rentium
397 3582 480 3642 atque
512 3571 544 3626 :le
564 3573 679 3625 transitu
718 3573 873 3626 verbalium
908 3573 1054 3626 notionum
1092 3573 1191 3639 (Kiliae
1232 3572 1308 3641 1878)
1329 3589 1354 3640 p.
1379 3572 1418 3638 tt,

247 3667 477 3725 WENINGER
506 3669 551 3735 A,
571 3671 612 3724 De
647 3671 781 3738 parataxis
801 3670 829 3723 in
850 3669 962 3724 Terenti
996 3669 1096 3725 fabulis
1128 3671 1256 3740 vestigiis
1291 3669 1417 3740 (Erlang.

243 3763 321 3834 1888)
340 3784 365 3836 ρ.
385 3767 401 3823 4
421 3783 461 3840 sq.
482 3782 508 3823 et
530 3767 586 3834 112,
618 3767 763 3824 ASMUS
787 3771 825 3832 G„
862 3771 905 3824 De
935 3769 1117 3838 appositionis
1149 3771 1222 3838 apud
1243 3769 1369 3825 Plautum
1391 3785 1417 3825 et

239 3866 399 3921 Terentium
421 3865 601 3924 collocatione
621 3869 709 3937 (llahs
729 3871 870 3925 Saxonum
896 3869 974 3937 1891)
993 3887 1018 3938 ρ.
1039 3869 1074 3926 50
1093 3883 1120 3924 et
1142 3871 1175 3924 al.
1197 3871 1307 3926 doctiss.
1327 3872 1390 3926 viri.

313 3963 425 4048 ·(****)
476 3965 651 4035 IORDAN,
679 3969 817 4024 Kritische
848 3969 975 4040 Beitraige
1008 3986 1055 4024 zur
1086 3969 1253 4025 Geschichte
1290 3970 1339 4024 der
1371 3971 1415 4026 lat.

239 4062 360 4131 Sprache
380 4078 403 4130 p.
425 4060 486 4116 335.

345 4157 447 4229 (*'***)
498 4160 577 4214 GRA
586 4160 732 4215 UPNER
751 4161 795 4226 B,
817 4161 861 4216 De
880 4159 1051 4229 metaphoris
1072 4157 1206 4214 Plautinis
1229 4171 1256 4214 et
1275 4159 1416 4214 Terentia·

239 4254 505 4324 nislVratislatirae
542 4257 619 4326 1874)
639 4275 664 4326 p.
683 4257 718 4314 45
738 4275 779 4329 sq.
814 4257 853 4312 Os.
874 4273 957 4326 supra
989 4275 1013 4328 p.
1037 4257 1160 4329 3lsqq,
1183 4257 1216 4312 cf.
1238 4258 1416 4328 quoqueab·

239 4355 363 4410 horreo
385 4357 416 4412 h.
437 4356 497 4423 829,
517 4355 591 4425 quod
610 4357 728 4410 verbum
749 4358 910 4425 saepissime
930 4358 1002 4428 apud
1023 4357 1081 4413 Cic.
1101 4354 1204 4428 legitur
1225 4357 1282 4412 rid.
1303 4371 1361 4412 not.
1386 4359 1415 4416 in

237 4453 289 4512 lex.
309 4454 420 4520 Klotzii;
438 4455 614 4523 plumbeus
636 4456 680 4509 Ht.
701 4456 761 4524 877,
782 4455 839 4512 Cic.
861 4456 944 4510 Tusc.
974 4456 996 4520 l,
1015 4457 1060 4524 2⁹,
1079 4454 1111 4512 71
1137 4469 1162 4512 et
1182 4456 1217 4514 al.
