3214 4832
380 661 491 732 (ledo
516 683 669 737 senem:
693 665 773 732 iam
801 665 1014 734 instruatu
1037 671 1138 733 sunt
1174 667 1230 733 mi
1253 666 1295 732 in
1320 665 1447 733 eorde

1087 783 1273 851 consilia
1297 785 1446 856 omnia.

381 897 487 968 Hune
511 920 652 968 versum
688 899 919 984 disputationi
942 923 1030 970 suae
1053 903 1295 972 intermistum
1320 903 1449 994 allegat

272 1015 344 1086 Oia.
374 1015 418 1084 de
440 1037 476 1092 n.
502 1016 535 1091 d.
558 1015 590 1103 3,
615 1016 668 1106 29,
693 1015 746 1092 73,

1146 1161 1207 1233 Vv.
1231 1159 1298 1230 384
1320 1169 1357 1230 et
1380 1160 1449 1228 390

376 1275 484 1360 Apud
510 1276 582 1348 (lio.
608 1299 657 1351 or.
682 1275 824 1364 47,157
849 1277 1011 1367 legimus:
1036 1277 1169 1367 „Quid?
1191 1278 1287 1369 quod
1316 1280 1367 1346 sio
1401 1279 1450 1346 lo-

270 1394 333 1485 qui
355 1412 492 1482 nosse,
515 1392 746 1482 iudicasse,
769 1399 901 1462 vetant:
934 1396 1110 1482 novisse,
1135 1394 1262 1463 iubent
1285 1402 1321 1463 et
1344 1395 1450 1464 iudi-

271 1505 459 1577 cavisse?
484 1509 588 1599 quasi
611 1529 694 1576 vero
709 1508 923 1594 nesciamuS,
949 1509 986 1575 in
1007 1508 1073 1576 hoo
1095 1531 1224 1599 genere
1244 1516 1280 1577 et
1301 1510 1448 1593 plenum

268 1629 417 1698 verbum
441 1635 537 1696 reate
561 1626 641 1714 diei,
668 1634 703 1695 et
726 1628 961 1694 imminutum
985 1629 1125 1701 usitate.
1166 1628 1291 1718 ltaque
1315 1636 1449 1697 utrum-

269 1767 343 1838 que
366 1744 553 1812 Terentius

1370 1857 1436 1927 384

375 1975 464 2044 Eho
489 1980 544 2064 tu,
570 1973 790 2044 sobrinum
816 1979 933 2040 tuom
957 1994 1040 2041 non
1064 1972 1208 2042 noras?
1356 1861 1368 1946 l
1436 1863 1449 1949 l

376 2095 463 2163 Post
487 2091 582 2160 idem

804 2324 1038 2412 Stilponem
1061 2325 1232 2416 inquam
1259 2346 1448 2399 noveras,

377 2443 490 2531 Quem
515 2442 770 2510 Terentianum
796 2442 915 2508 looum
942 2441 1012 2515 Cio.
1036 2443 1208 2510 memoria
1227 2441 1338 2510 falsus
1359 2446 1448 2510 attu-

268 2561 350 2630 lisse
373 2561 525 2648 videtur,
550 2559 725 2628 exhibens
750 2561 985 2649 „cognatum
1009 2582 1073 2643 pro
1098 2559 1339 2647 „sobrinum“,

374 2945 429 3014 Ex
447 2945 695 3020 ADELPHlS.

1228 3064 1288 3137 Vv.
1313 3061 1447 3131 60-64

375 3177 542 3269 Quinque
565 3179 673 3249 hosoe
696 3201 831 3267 versus,
870 3181 906 3247 in
932 3179 1064 3270 quibus
1092 3180 1309 3250 narrationis
1332 3178 1447 3246 multa

268 3296 362 3364 inest
384 3296 568 3382 festivitate,
588 3295 716 3364 laudat
740 3295 811 3369 (lio.
837 3295 881 3364 de
904 3295 975 3368 inv.
997 3294 1030 3382 1,
1056 3293 1109 3382 19,
1135 3293 1187 3363 27:
1213 3295 1302 3382 „llla
1326 3302 1446 3364 autem

266 3413 437 3500 namatio,
462 3433 555 3503 quae
589 3420 753 3481 versatur
776 3414 811 3479 in
838 3413 1010 3500 personia,
1046 3412 1222 3481 eiusmodi
1245 3418 1307 3499 est,
1340 3417 1382 3480 ut
1409 3414 1446 3480 in

268 3548 311 3596 ea
333 3529 442 3597 simul
465 3549 549 3596 oum
574 3528 681 3597 rebus
705 3530 788 3613 ipsis
812 3548 1046 3613 personarum
1071 3549 1254 3598 sermones
1280 3535 1316 3598 et
1335 3531 1447 3597 animi

269 3644 418 3728 perspici
440 3647 586 3734 possint,
610 3645 678 3714 hoo
701 3644 819 3713 modo:

378 3760 506 3829 Venit
524 3761 572 3831 ad
597 3785 661 3832 me
685 3783 808 3845 saepe
828 3759 1015 3829 olamans
1039 3761 1163 3851 „quid
1183 3762 1280 3851 agis,
1305 3759 1447 3829 Mieio?

379 3877 490 3965 Quor
513 3879 654 3962 perdis
678 3878 998 3949 adulescentem
1021 3876 1162 3947 nobis?
1197 3899 1302 3968 quor
1325 3877 1450 3945 amat?

380 3993 491 4081 Quor
513 3993 648 4078 potat?
673 4016 778 4086 quor
812 4000 854 4063 tu
878 3993 945 4064 his
970 3996 1096 4064 rebus
1129 3998 1337 4077 sumptum
1363 4014 1450 4082 sug-

1318 4110 1445 4199 geris,

375 4225 536 4295 Vestitu
561 4226 692 4294 nimio
715 4226 927 4316 indulges?
948 4226 1124 4293 nimium
1153 4228 1320 4309 ineptus
1345 4228 1419 4298 es“.

375 4343 559 4413 Nimium
585 4345 673 4428 ipse
697 4350 761 4414 est
784 4343 915 4412 durus
939 4348 1109 4427 praeter
1127 4363 1389 4434 aequomque
1410 4348 1450 4412 et

1253 4459 1447 4535 bonum“,
1567 4531 1568 4548 ,
