3214 4832
870 241 910 282 {8

300 458 558 522 stercorantem
587 453 708 541 faeit“3
735 453 778 526 ef.
804 452 863 526 Ht.
886 451 954 520 136
975 471 1052 544 sqq.
1079 451 1169 521 Item
1195 451 1289 539 (lael.
1311 452 1367 539 16,
1391 451 1473 526 37ε...

299 569 392 658 „Sed
415 570 550 658 dubita,
576 591 684 660 quem
707 575 844 654 patrem
878 571 1103 653 potissimum
1139 591 1292 642 sumam:
1329 569 1474 639 Caecili-

299 708 457 756 anumne
480 686 649 776 aliquem,
671 685 962 754 vehementem
989 692 1097 777 atque
1121 685 1311 754 durum‘d‘
1338 685 1390 759 ef.
1417 685 1473 758 Ht.

298 802 365 872 439
386 824 438 894 sq.

404 918 474 992 Me.
497 919 589 986 Non
613 937 791 1001 possum:
815 917 919 985 satis
943 916 1037 1004 iam,
1066 918 1170 986 satis
1194 922 1317 1001 pater
1343 919 1473 990 durus

1226 1035 1290 1108 fui.
1315 1035 1379 1111 Oh.
1403 1037 1474 1124 Ah,

404 1151 636 1220 Vehemens
657 1152 697 1218 in
719 1156 1133 1242 utramquepartem,
1155 1151 1412 1242 Menedeme‚
1433 1177 1473 1224 es

1260 1273 1473 1360 nimis(*)....

404 1521 510 1590 Nune
534 1523 698 1590 venimus
727 1521 772 1590 ad
796 1523 955 1612 singulas
984 1522 1192 1610 locutiones,
1217 1544 1311 1614 quae
1339 1547 1384 1593 ex
1412 1526 1474 1594 Te-

297 1637 413 1705 rentio
448 1637 599 1704 haustae
630 1636 873 1723 videntur.(**)
903 1637 1119 1705 Loeutiones
1143 1637 1266 1724 affero,
1308 1643 1473 1724 temporis

298 1751 395 1826 librr.
422 1751 494 1825 Cio.
518 1753 644 1821 ordina
667 1758 817 1826 servato,

251 1947 256 1954 „
406 1869 566 1938 Fortasse
592 1869 716 1938 Cicero
740 1871 795 1938 vel
819 1872 936 1954 potins
959 1871 1118 1940 insertus
1142 1873 1293 1956 scriptor
1316 1873 1475 1942 Rhetori-

297 2007 422 2054 eorum
446 1985 667 2060 adHerenn.
689 1986 860 2075 dicensi,
884 1987 939 2076 10,
962 1986 1040 2075 142„
1065 1989 1137 2058 Ubi
1155 1992 1252 2058 enim
1275 1993 1342 2058 iste
1368 1991 1473 2060 vidis-

297 2108 351 2172 set
374 2123 535 2171 seurram
560 2103 735 2172 exhausto
759 2102 901 2190 rubore,
921 2105 983 2193 qui
1003 2125 1041 2173 se
1059 2111 1202 2188 putaret
1221 2103 1311 2172 nihil
1329 2104 1472 2192 habere,

297 2218 394 2308 quod
433 2218 477 2287 de
510 2221 773 2288 existimatione
803 2219 976 2305 perderet,
1014 2227 1054 2288 ut
1088 2223 1208 2289 omnia
1246 2222 1324 2289 sine
1355 2222 1472 2290 famae

297 2333 553 2402 detrimento
580 2334 724 2404 faeere
751 2336 934 2419 posset?“
968 2337 1123 2420 respexit
1156 2337 1201 2406 ad
1226 2335 1269 2411 H.
1294 2337 1359 2406 233
1388 2359 1472 2430 sq....

639 2502 723 2510 ——.

381 2565 408 2632 *l
428 2570 526 2640 Neque
548 2569 607 2624 sine
627 2571 735 2624 ratione
750 2569 975 2626 PERLETUS
997 2571 1026 2626 in
1045 2571 1335 2628 animadversionibus
1353 2574 1411 2628 suis
1429 2573 1473 2635 (cf.

295 2667 361 2723 Ter.
383 2683 454 2722 cnm.
475 2666 518 2721 ed.
537 2667 646 2736 Lipsiae
669 2666 747 2739 1827)
766 2669 801 2724 ad
815 2671 860 2724 Ht.
881 2669 932 2726 969
953 2668 1027 2724 dicir.
1045 2670 1189 2736 „Caelium
1208 2683 1314 2738 patrem
1329 2673 1471 2728 Chremeti

296 2765 478 2832 Terentiam,
494 2778 522 2820 ut
538 2767 659 2833 videtur,
689 2767 810 2822 similem
831 2768 888 2824 Cic.
906 2768 1013 2823 inducit
1044 2770 1119 2826 Cael.
1139 2770 1173 2826 lo
1193 2768 1352 2825 discrimine
1371 2789 1414 2835 eo,
1443 2784 1471 2825 ut

296 2865 343 2920 ille
360 2864 511 2929 immerito,
531 2866 576 2922 hic
594 2867 694 2921 merito
713 2867 812 2922 invehi
831 2869 860 2923 in
880 2869 1012 2924 iuvenem
1031 2880 1150 2939 putetur·
1171 2867 1315 2924 Praeterea
1335 2870 1470 2926 Chremes

295 2979 371 3039 pater
393 2967 562 3023 exheredare
581 2966 670 3023 fnium
696 2966 834 3038 perditum
857 2969 1078 3042 dissolutumque
1098 2970 1214 3024 minime
1233 2969 1431 3028 vetabatur“...

400 3068 446 3123 Ad
465 3067 519 3124 Ad.
541 3066 591 3124 393
611 3083 662 3139 sq:

1141 3169 1188 3238 Sy.
1208 3168 1325 3238 Inepta
1346 3167 1471 3222 lenitas

615 3263 724 3322 Patris
745 3279 774 3321 et
794 3263 946 3321 facilitas
967 3282 1072 3335 prava

294 3369 368 3423 idem
383 3369 428 3424 vir
449 3369 546 3423 doctus
564 3365 668 3422 ibidem
688 3379 772 3422 notat:
793 3368 898 3435 „Syrus
912 3363 1034 3434 inepta
1056 3363 1129 3422 dicit.
1148 3365 1256 3422 Tamen
1275 3367 1333 3422 Cic.
1354 3370 1409 3421 Att.
1429 3363 1470 3431 1⁰,

293 3467 353 3531 d,5
375 3483 414 3537 sq.
436 3465 540 3536 patris
558 3465 683 3520 lenitas
700 3465 811 3534 probari
831 3464 952 3531 ridetur,
974 3480 1039 3532 prae
1059 3464 1143 3518 nimia
1164 3464 1278 3535 quidem
1297 3464 1471 3520 severitate‘t

294 3565 439 3620 Ciceronis
471 3565 555 3618 rerba
588 3576 661 3618 sunt:
690 3562 787 3626 „Alter
821 3563 850 3632 (i.
870 3579 892 3617 e.
913 3562 1105 3632 puerorum)...
1135 3560 1308 3640 indulgentia
1342 3560 1471 3617 videlicet

295 3676 390 3719 nostra
410 3663 625 3731 depravatus,
644 3678 678 3716 eo
698 3677 864 3732 progressus
883 3673 934 3728 est,
957 3677 1012 3732 quo
1032 3678 1090 3715 non
1111 3660 1201 3715 audeo
1222 3661 1340 3716 dicere..
1364 3663 1471 3717 Patris

294 3770 386 3813 autem
406 3757 530 3812 lenitas
548 3755 666 3810 amanda
686 3755 777 3824 potius
795 3755 827 3809 ab
847 3754 896 3808 illo
918 3771 1000 3826 quam
1020 3767 1076 3808 tam
1102 3755 1252 3811 crudeliter
1277 3757 1472 3828 negligenter

401 3857 445 3912 ad
462 3855 607 3912 Claudiam
628 3854 672 3909 his
690 3855 785 3909 verbis
800 3853 878 3910 Cael.
893 3853 934 3916 lt,
950 3853 983 3909 38
997 3853 1171 3922 descriptam:
1191 3891 1207 3920 „
1219 3854 1265 3908 ..Si
1280 3853 1366 3907 vidua
1378 3854 1468 3909 libere.

294 3969 426 4028 proterva
445 3956 608 4025 petulanter,
634 3953 714 4008 dires
733 3952 828 4019 effuse,
848 3953 997 4008 libidinosa
1027 3953 1186 4007 meretricio
1206 3969 1285 4007 more
1306 3953 1471 4007 viveres...-

294 4056 414 4111 multum
434 4054 549 4109 fortasse
567 4054 709 4120 iuverunt,
734 4070 802 4125 quae
822 4053 878 4110 Cic.
910 4052 982 4122 apud
1014 4051 1078 4107 Ter.
1108 4052 1152 4106 Ht.
1184 4051 1236 4108 446
1265 4067 1324 4123 sqq.
1344 4050 1472 4106 invenire

295 4154 393 4224 potuit.

400 4249 457 4320 μ’)
477 4247 508 4305 ln
528 4249 663 4320 exemplis
682 4249 849 4320 colligendis
863 4249 934 4303 mihi
949 4248 1072 4304 maximo
1086 4247 1200 4303 fuerunt
1214 4246 1376 4303 adiumento
1392 4260 1473 4304 notae

294 4348 322 4403 in
343 4350 429 4404 variis
448 4350 617 4407 editionibus
637 4349 762 4404 Terentii
782 4348 884 4417 passim
904 4347 1052 4418 dispersae,
1073 4364 1124 4401 nec
1146 4363 1204 4402 non
1224 4363 1303 4402 meae
1322 4347 1412 4416 ipsius
1427 4347 1474 4404 ob·

296 4447 479 4506 servationes.
