3214 4832
739 272 777 315 13

280 489 350 556 Pro
375 485 582 575 „clamans“
608 487 680 561 Cic.
695 487 807 556 habet
823 487 1055 576 „clamitaus“
1078 489 1165 557 etin
1188 509 1221 560 v.
1238 484 1283 555 ct
1305 486 1351 554 le-

171 606 223 695 git
247 604 381 692 „durus
407 607 492 678 est“.

1146 694 1184 768 V.
1208 692 1275 761 120
1298 713 1349 782 sq.

280 811 387 879 Hunc
411 810 533 879 locum
560 809 632 884 cic.
658 812 745 879 citat
781 809 876 884 Cael.
900 810 954 898 16,
978 810 1032 882 38:
1069 811 1181 901 „Leni
1207 832 1290 880 vero
1316 817 1351 879 et

171 926 342 995 clementi
365 929 467 1014 patri,
493 925 695 995 cuiusmodi
718 926 778 994 ille
802 929 837 1016 (i.
863 950 891 999 e.
916 927 1068 1014 Demea)
1092 934 1154 996 est:

280 1045 407 1114 Fores
432 1043 620 1133 ecfregit:
645 1046 941 1133 restituentur,
965 1043 1140 1112 discidit

280 1162 459 1230 Vestem:
483 1160 790 1250 resarcietur(*)

168 1282 237 1349 filii
261 1301 372 1350 causa
397 1285 451 1347 est
474 1276 774 1363 expeditissima“.

1175 1369 1210 1441 V.
1238 1367 1347 1437 804-

280 1485 531 1555 Ocmmunia
555 1508 646 1556 esse
671 1489 900 1556 amicorum
929 1489 1105 1555 interce
1129 1487 1278 1557 omnia.

278 1599 378 1688 Quae
404 1601 641 1692 Pythagorica
665 1605 844 1672 sententia
864 1602 927 1690 (**)
948 1605 1077 1694 legitur
1097 1622 1241 1693 quoque
1256 1599 1351 1684 apud

169 1717 245 1790 Cic.
270 1717 531 1808 (16611.1,16,
556 1718 611 1807 513
644 1720 706 1788 sed
731 1721 791 1788 illc
816 1721 976 1790 ordinem
1014 1720 1205 1788 verborum
1239 1725 1352 1786 muta

167 1837 221 1903 vit
245 1842 281 1903 et
302 1837 418 1905 iuter
440 1857 483 1905 se
503 1840 633 1911 omisit.
659 1838 711 1910 cf.
738 1857 883 1928 quoque
907 1838 951 1906 de
974 1837 1040 1928 leg.
1065 1837 1096 1925 1,
1121 1837 1177 1926 12,
1198 1835 1252 1910 34.

276 2139 309 2208 N
312 2161 393 2229 unc,
408 2149 597 2233 postquam
615 2141 796 2212 Ciceronis
820 2142 928 2229 locos,
947 2141 1129 2232 inquibus
1146 2161 1269 2209 versus
1292 2141 1352 2208 Te

172 2258 330 2324 sentiani
354 2259 521 2346 citantur,
545 2261 725 2346 exscripsi,
751 2258 942 2327 dicendum
972 2279 1050 2327 esse
1071 2264 1167 2344 puto,
1203 2279 1246 2325 ex
1278 2259 1354 2347 qui-

167 2374 238 2443 bus
262 2375 487 2456 potissimum
511 2377 644 2446 fabulis
683 2375 806 2446 Cicero
831 2376 896 2446 hos
919 2396 1044 2444 versus
1073 2375 1240 2460 hauserit,
1277 2375 1351 2463 qui-

169 2495 236 2563 bus
260 2495 361 2563 libris
386 2496 459 2562 suis
484 2495 562 2563 illos
596 2496 885 2580 intermiscuerit,
923 2491 1103 2585 quomedo
1132 2492 1293 2559 citaverit
1316 2496 1351 2557 et

168 2635 262 2705 quae
287 2615 442 2682 maxime
467 2615 504 2681 in
529 2613 582 2681 his
607 2613 768 2681 versibus
799 2613 915 2680 citatis
953 2610 1163 2680 Ciceronem
1203 2608 1352 2678 delecta-

167 2728 296 2800 verint.

277 2843 391 2911 Multo
415 2843 533 2927 plures
558 2863 680 2912 versus
704 2843 843 2912 laudati
866 2848 951 2912 sunt
974 2865 1017 2912 ex
1037 2841 1222 2928 Eunucho,
1243 2863 1351 2933 quam

168 2981 214 3028 ex
230 2962 355 3028 ceteris
370 2959 514 3034 fabulis.
533 2959 659 3051 Itaque
675 2982 718 3028 ex
735 2959 911 3028 Eunucho
928 2961 1002 3028 1616
1016 2960 1139 3049 viginti
1154 2979 1277 3026 versus
1295 2957 1353 3025 ha-

168 3076 310 3164 bemus3
334 3097 378 3143 ex
400 3075 538 3144 Andria
562 3077 635 3144 1616
660 3076 860 3162 duodecim,
886 3096 929 3142 ex
955 3075 1175 3142 Phormione
1195 3075 1269 3141 1616
1289 3096 1353 3140 un.

168 3194 298 3281 decim,
328 3213 371 3260 ex
396 3193 807 3261 Heautontimorumeno
843 3192 918 3260 1616
944 3191 1078 3277 decem,
1116 3213 1157 3258 ex
1182 3189 1351 3274 Adelphis

167 3309 244 3378 fere
268 3315 347 3377 octo
373 3310 541 3398 citantur,
565 3331 609 3377 ex
634 3309 774 3395 Hecyra
798 3316 917 3378 autem
943 3308 1067 3377 nullus
1090 3307 1262 3375 laudatur
1281 3328 1354 3374 ver-

168 3447 240 3499 sus.
269 3427 419 3511 Saepius
443 3447 526 3493 vero
560 3427 670 3493 citata
694 3432 779 3494 suut
809 3426 910 3492 initia
939 3422 1158 3510 fabularum,
1194 3445 1226 3495 v.
1251 3442 1280 3493 6.
1306 3442 1349 3488 ex

167 3544 282 3626 primo
306 3549 388 3609 actu
411 3541 568 3610 Andriae
592 3541 760 3610 undecim
786 3562 910 3610 versus
935 3541 1142 3612 laudantur.
1163 3546 1246 3628 (***)

276 3731 315 3803 (*)
336 3733 399 3788 Vid.
420 3733 560 3788 KREBS
581 3734 617 3796 1.,
647 3734 847 3789 Antibarbarus
879 3734 927 3789 der
946 3733 1128 3789 lateinisches
1150 3735 1353 3806 8616616616-

169 3831 210 3889 sel
231 3833 382 3894 last-88>
402 3848 424 3888 s.
445 3850 472 3887 ν.
495 3834 636 3888 resarcire.

275 3919 330 3990 (**)
354 3920 427 3978 inter
455 3925 646 3996 Pythagoreos
674 3937 768 3978 ortum
798 3924 897 3978 dicitur
920 3906 1031 4010 (κοινὰ
1060 3909 1101 3981 τὰ
1129 3907 1352 4008 τῶνφίλων).

169 4011 211 4068 Cf.
231 4025 288 4067 not.
306 4013 475 4070 DONATI
490 4016 525 4071 ad
545 4018 571 4070 h.
592 4015 618 4078 1.,
647 4013 761 4074 WYSS
780 4033 804 4085 p.
823 4017 857 4072 57
877 4029 930 4085 sq„
968 4012 1069 4067 OTTO
1089 4030 1113 4083 p.
1135 4013 1167 4068 20
1197 4030 1217 4068 s.
1240 4031 1267 4067 v.
1287 4015 1354 4069 anii-

168 4125 217 4166 cus
240 4113 249 4166 l
273 4123 301 4166 et
322 4112 519 4171 NENOINI
540 4115 584 4176 lc,
606 4117 648 4169 De
663 4115 796 4170 Terentio
814 4113 927 4186 eiusque
942 4114 1065 4169 fontibus
1082 4115 1208 4184 (Liburni
1230 4114 1308 4177 18⁹1>
1327 4133 1352 4186 p,

177 4209 236 4266 14¹⁹
284 4278 359 4353 (m)
379 4283 421 4340 cf.
446 4297 503 4339 not.
517 4285 733 4340 BARTELSI
746 4287 789 4344 E..
812 4288 854 4341 De
873 4289 996 4342 Terentii
1018 4287 1153 4341 inemoria
1172 4285 1245 4354 apud
1266 4286 1354 4340 Noni-

170 4399 215 4437 um
237 4394 345 4438 serrata
369 4383 560 4454 (Argentorati
587 4387 670 4456 1884)
690 4403 716 4456 p·
737 4389 760 4443 t:
793 4389 884 4455 „Cum
905 4389 1034 4444 steteris
1052 4387 1239 4458 grammaticis
1254 4384 1353 4448 latinis,

168 4465 229 4536 tum
250 4499 265 4536 a
285 4481 381 4540 Nonio
402 4479 513 4553 saepius
533 4483 611 4540 citata
631 4498 696 4539 sunt
716 4485 871 4540 fabularum
893 4483 977 4549 initia,
999 4501 1079 4556 quam
1098 4477 1213 4544 ‘ceterae
1237 4486 1354 4551 partes.“
