3214 4832
719 275 754 316 1¹2

260 483 361 561 Caes.
387 495 438 574 10,
476 494 792 572 27-eomparatur
815 511 897 558 eum
925 489 1137 558 Terentiano
1164 491 1327 560 Phormi-

148 623 219 669 one
244 603 323 674 Sex.
349 601 495 672 Clodius
519 604 574 673 his
598 605 726 678 verbis:
760 604 852 693 „Oui
876 608 911 693 (i.
937 628 966 679 e.
993 607 1072 679 Sex.
1099 606 1237 695 Clodio)
1261 628 1325 676 no-

146 737 234 782 meu
260 723 313 785 est
336 715 546 805 Phormio,
580 741 648 787 nea
670 722 790 788 minus
814 722 925 811 niger,
966 743 1034 789 nee
1063 724 1183 791 minus
1212 723 1325 791 eonfi-

149 833 250 918 dens,
276 854 384 923 quam
414 833 474 903 ille
502 834 736 906 Terentianus
766 843 819 906 est
845 836 1070 913 Phormio“...
1100 840 1184 908 Sine
1213 837 1324 908 dubio

148 955 272 1017 orator
294 949 393 1018 hune
416 950 537 1019 losum
560 955 714 1037 respexit
745 951 748 958 ’

1081 1044 1146 1115 Ph.
1173 1053 1236 1119 122
1260 1065 1321 1140 sq.:

260 1213 401 1230 .....
404 1158 479 1226 Est
501 1159 716 1241 parasitus
740 1159 911 1248 quidam
938 1159 1146 1249 Phormi0,

258 1273 387 1342 Homo
412 1276 647 1348 eonfidens:
683 1277 756 1367 qui
789 1276 912 1344 illum
947 1276 987 1345 ui
1011 1299 1153 1347 omnes
1177 1281 1325 1363 perdu-

1184 1398 1257 1465 int!
1282 1399 1323 1487 M)

258 1507 432 1576 Memorat
455 1530 598 1600 quoque
623 1510 695 1584 cie,
726 1513 965 1593 parasitorum
988 1515 1136 1580 nomiua
1161 1512 1325 1580 Phormi-

148 1626 228 1692 onis
247 1631 354 1715 atque
375 1625 575 1696 Gnathonis
596 1628 687 1700 Phil.
708 1637 740 1715 2,
755 1636 785 1713 6,
809 1637 859 1715 15,
879 1629 943 1696 ubi
961 1630 1145 1698 Manutius
1165 1630 1321 1703 adnotat:

150 1740 419 1825 „Parasitorum
441 1745 589 1827 nomina
609 1744 703 1826 apud
721 1744 938 1817 Terentium:
960 1766 1112 1835 quorum
1133 1745 1322 1816 simillimis

151 1856 361 1928 hominibus
396 1859 567 1927 natalicia
591 1859 702 1928 dabat
735 1860 944 1933 Antonius“.
980 1860 1094 1929 Verba
1133 1861 1204 1935 Cio.
1237 1862 1325 1931 haee

150 1983 245 2046 sunt:
282 1975 431 2062 „Putate
456 1984 533 2045 tum
571 1975 818 2045 Phormioni
843 1977 961 2063 alieni,
996 1983 1072 2043 tum
1098 1975 1324 2064 Gnathoni,

150 2095 226 2156 tum
268 2092 374 2158 etiam
409 2091 573 2164 Ballioni.
613 2092 876 2163 Ofoeditatem
909 2092 1064 2160 hominis
1102 2091 1324 2183 flagitiosam!

149 2229 170 2276 ο
196 2207 468 2296 impudentiam,
490 2210 698 2299 nequitiam,
723 2208 911 2278 libidinem
934 2231 1008 2276 non
1032 2208 1250 2278 ferendum!“

259 2323 329 2396 Oia.
360 2325 455 2398 Luel,
486 2323 538 2412 26,
571 2324 615 2391 98
640 2325 810 2399 scribens:
850 2325 946 2413 „Nee
970 2327 1253 2408 parasitorum
1288 2329 1325 2394 in

150 2442 342 2511 comoediis
367 2445 599 2511 assentatio
620 2441 752 2529 [uobis]
774 2442 890 2511 fauete
909 2442 1098 2528 videretur,
1119 2444 1189 2511 nisi
1205 2451 1324 2512 esseut

149 2558 309 2628 milites
332 2559 531 2650 gloriosi‘
554 2560 612 2638 (of.
637 2582 668 2643 p.
689 2558 709 2626 7
729 2562 795 2649 sq.)
817 2566 960 2649 tangere
980 2559 1121 2627 videtur
1140 2558 1180 2631 Ε.
1200 2557 1245 2627 30
1263 2582 1325 2651 sq.:

260 2676 387 2745 Colax
411 2675 688 2745 Menandrist:
712 2677 753 2742 iu
780 2683 869 2743 east
892 2675 1103 2758 parasitus
1129 2673 1247 2741 eolax

258 2793 308 2860 Et
329 2793 451 2861 miles
474 2793 696 2882 gloriosus.

257 2909 373 2978 Huius
398 2931 540 3001 quoque
572 2908 776 2976 Terentium
807 2907 929 2975 militis
955 2906 1025 2979 Cio.
1059 2906 1104 2974 de
1128 2906 1187 2978 off.
1212 2906 1242 2992 1,
1268 2905 1322 2993 38,

147 3023 213 3092 137
234 3048 373 3094 memor
395 3025 505 3094 fuisse
529 3025 678 3099 videtur:
704 3025 897 3113 „Deforme
927 3025 1035 3092 otiam
1065 3029 1119 3091 est
1143 3023 1188 3091 de
1212 3046 1249 3092 se
1273 3026 1323 3107 ip-

147 3161 226 3209 sum
252 3141 581 3228 pr·aediea1·e,falsa
616 3143 833 3227 praesertim,
869 3145 903 3208 et
927 3159 1009 3206 eum
1035 3139 1198 3208 irrisione
1230 3141 1328 3208 audi-

148 3255 287 3321 entium
312 3255 444 3322 imitari
467 3254 647 3323 Militem
671 3256 935 3346 gloriosum“;
963 3257 1007 3330 ef,
1032 3257 1071 3328 E.
1097 3254 1162 3322 397
1182 3258 1324 3346 sqq.t**)

257 3370 296 3437 ln
316 3372 605 3440 Menedemum
623 3372 771 3441 fortasse
787 3372 892 3460 eadit,
905 3373 1001 3463 quod
1019 3370 1089 3444 Cio.
1109 3371 1183 3441 Cat.
1204 3372 1259 3457 15,
1280 3370 1324 3438 sl

148 3487 256 3554 refert
279 3488 323 3555 de
347 3490 518 3562 Laerta...
547 3487 791 3574 „Homerus„..
818 3488 985 3556 Laertem
1014 3487 1209 3555 lenientem
1235 3486 1325 3554 desi-

115 3603 119 3610 '
148 3605 300 3694 derium,
332 3608 427 3697 quod
456 3607 620 3690 sapiebat
647 3629 666 3674 e
691 3607 775 3694 lilio,
814 3607 989 3674 uolentem
1027 3629 1155 3696 agrum
1182 3615 1217 3674 et
1241 3629 1324 3674 eum

255 3973 289 4036 ι’)
311 3972 354 4028 Cf.
374 3970 544 4026 KOENIG
561 3970 578 4025 l.
594 3986 616 4022 c·
638 3984 663 4033 p.
683 3969 715 4026 20
738 3981 795 4025 not,
817 3968 860 4023 ll.

254 4070 309 4140 (Ἦ
329 4071 401 4125 Cum
421 4069 517 4124 verbis
537 4072 570 4124 Α.
592 4069 651 4126 551:

469 4169 584 4238 h'eque
604 4167 774 4232 postulem
794 4166 851 4221 abs
871 4179 910 4232 te,
933 4167 967 4221 ni
989 4169 1063 4239 ipsa
1086 4183 1137 4223 res
1159 4181 1325 4224 moneat...

149 4270 316 4326 conferenda
336 4285 397 4325 esse
415 4280 482 4338 puto
502 4268 558 4323 Cic.
578 4267 650 4322 Lael.
672 4264 713 4330 1⁰.
731 4265 773 4322 35:
787 4267 908 4338 „Magna
922 4267 1006 4321 etiam
1023 4265 1137 4322 dissidia
1157 4281 1183 4321 et
1204 4268 1327 4335 plerum.

149 4385 201 4442 que
220 4368 291 4426 iusta
309 4369 393 4432 nasci,
413 4385 497 4439 quum
516 4365 619 4437 aliquid
640 4366 673 4420 ab
694 4366 798 4431 amicis,
818 4366 892 4437 quod
908 4379 1012 4420 rectum
1033 4382 1089 4420 nou
1108 4379 1188 4422 esset.
1209 4379 1326 4428 oestu-

148 4469 338 4526 latetur¹‘....
