3214 4832
727 253 769 296 19

153 466 251 535 Nam
278 467 321 537 de
346 473 380 536 te
411 467 557 558 quidem
588 467 675 535 satis
699 469 771 537 soio
800 467 982 552 peccando
1015 467 1260 538 detrimenti
1283 469 1335 538 nil

151 585 256 651 fieri
279 587 427 666 potest.

272 699 413 787 Quinot.
439 698 492 787 25,
517 696 560 765 79
579 697 752 788 intelligo:
772 719 916 766 verum
934 704 971 767 et
988 719 1091 787 sero,
1112 705 1147 766 et
1166 700 1335 790 nequid-

157 839 289 908 quam
312 813 511 900 pudet-oi.
534 814 592 887 Ht.
615 811 683 881 344
701 814 851 882 Verum
871 836 934 904 age
961 813 1079 888 modo:
1106 813 1214 884 hodie
1241 837 1334 884 sero

151 955 197 1001 ao
221 935 483 1023 nequiquam
503 928 659 1020 volos.(*)
683 931 724 1004 R.
744 931 821 1003 Am.
842 929 1158 1018 20,56...[161666)
1179 934 1219 999 in
1245 954 1332 1001 eum

152 1056 318 1134 partem
343 1050 485 1132 potius
508 1052 694 1134 pessunt,
730 1069 824 1139 quse
852 1053 906 1115 est
933 1047 1188 1121 oautior-Oio.
1223 1051 1336 1117 imita-

154 1174 213 1234 tus
251 1165 394 1233 videtur
431 1163 499 1237 Ad.
522 1162 590 1231 174
621 1184 746 1231 verum
779 1165 821 1230 in
844 1165 968 1232 istam
1002 1171 1161 1248 partem
1194 1168 1334 1248 potius

152 1289 330 1366 peooato
344 1287 474 1348 tamen.
493 1278 622 1351 Oeeoil.
636 1276 692 1365 13,
704 1276 747 1346 41
763 1283 850 1378 toto
867 1298 1010 1362 corpore
1022 1280 1331 1363 perhorreseo-

152 1399 196 1471 Ε.
221 1395 265 1464 83
285 1417 336 1487 sq.
362 1396 502 1483 Totus,
522 1395 714 1483 Parmeno,
736 1401 848 1463 tremo
868 1394 1106 1487 horreoque.
1129 1397 1258 1471 Caeeil.
1278 1397 1332 1487 17,

154 1511 199 1580 57
225 1511 351 1580 Redit
373 1512 424 1580 ad
447 1533 490 1581 se
518 1519 626 1603 atque
655 1513 704 1582 ad
732 1534 871 1582 mores
899 1515 1093 1588 suos-Ad.
1123 1514 1164 1583 71
1188 1537 1332 1585 rursum

153 1628 207 1697 ad
231 1631 450 1718 ingenium
474 1629 594 1700 redit.
631 1629 725 1703 Verr.
753 1629 786 1716 1,
810 1628 864 1718 44,
892 1628 1003 1704 113...
1037 1633 1246 1699 si-vioem
1269 1654 1331 1716 pro

153 1752 280 1813 nostra
297 1747 429 1814 iniuria
449 1746 687 1817 doleremus
708 1745 777 1833 [Of.
798 1747 871 1820 Att.
892 1746 923 1834 4,
943 1747 974 1836 6,
991 1749 1025 1838 1,
1042 1748 1073 1836 6,
1090 1747 1121 1836 3,
1142 1748 1176 1837 4,
1197 1748 1229 1837 8,
1250 1749 1280 1832 2,
1301 1750 1334 1840 2,

155 1864 189 1951 8,
213 1862 267 1951 15,
291 1861 323 1953 33
347 1864 446 1938 Fam.
467 1863 525 1953 12,
548 1862 601 1950 23,
625 1860 659 1945 3]
685 1861 800 1930 simile
828 1870 881 1931 est
904 1862 963 1936 Ht.
993 1861 1058 1930 749
1087 1884 1137 1954 sq.
1166 1862 1333 1930 Menede-

155 1986 208 2050 mi
231 1986 365 2052 vicem
390 1985 563 2051 miseret
585 2004 676 2058 me...
715 1985 810 2056 Verr.
835 1981 866 2069 3,
892 1982 944 2070 25,
969 1981 1011 2050 62
1037 1989 1089 2072 16,
1127 1982 1198 2049 nisi
1221 1980 1331 2050 malo

155 2107 340 2187 coaetus,
356 2107 453 2168 reete
467 2099 606 2168 faeere
621 2100 941 2188 neseis?(**)·0io.
961 2100 1007 2168 ad
1025 2100 1101 2173 Ter,
1121 2099 1240 2167 losum
1260 2120 1332 2167 res-

154 2219 252 2302 pexit
274 2217 344 2290 Ad.
376 2217 420 2285 69
453 2218 563 2287 Malo
588 2227 761 2288 ouaotus
798 2222 861 2311 qui
893 2240 995 2287 suom
1034 2219 1195 2287 officium
1219 2218 1332 2290 facit.

154 2335 254 2408 Verr.
277 2332 308 2421 5,
333 2333 388 2422 48,
410 2333 476 2402 127
502 2335 578 2405 Hoo
603 2337 676 2403 iam
697 2342 850 2404 ornatu
871 2334 921 2403 ad
940 2356 1011 2403 vus
1032 2335 1330 2424 confugiunt—-

154 2452 441 2536 comparandum
466 2459 519 2522 est
542 2453 584 2528 H.
607 2453 629 2520 9
664 2456 728 2541 (pr.
754 2453 799 2542 ΙΙ,
816 2454 852 2541 1)
887 2453 1018 2524 Orator
1040 2452 1089 2520 ad
1113 2471 1183 2520 vos
1207 2451 1331 2518 venio

153 2582 310 2646 ornatu
333 2573 477 2665 prologi.

264 2693 337 2764 Att.
361 2689 392 2779 3,
416 2689 472 2779 15,
492 2690 512 2757 2
533 2690 628 2759 Nem
652 2691 761 2758 oeteri
784 2689 982 2760 dolores...
1001 2683 1192 2776 quotidie
1216 2703 1334 2774 auge-

154 2813 192 2878 ri
209 2810 297 2884 -Ht
321 2808 386 2877 423
416 2831 467 2900 sq.
496 2809 591 2878 Nam
620 2810 711 2878 mihi
740 2805 1108 2900 quidem-cottidie
1144 2805 1332 2894 augescit

156 2927 269 3015 magis
295 2925 339 2992 de
361 2925 437 2993 filio
461 2926 730 3016 aegritudo...
758 2925 831 2996 Att.
855 2923 886 3011 4,
910 2922 965 3011 16,
989 2921 1007 2989 7
1030 2921 1232 3005 Cuperem
1251 2919 1334 2988 vul-

158 3050 244 3108 tum
268 3039 411 3108 videre
436 3042 686 3127 tuum(***)....
709 3041 753 3113 of,
777 3040 817 3112 E.
842 3037 906 3105 537
932 3038 1022 3106 Τ6ι6
1047 3037 1211 3126 equidem
1241 3037 1333 3105 istus

156 3181 202 3228 os
227 3166 342 3227 tuom
369 3159 546 3242 inpudens
583 3157 1227 3243 61666666616166611666166)...
1262 3152 1333 3220 Att.

266 3557 303 3627 (*)
317 3556 421 3614 Omisit
440 3558 513 3612 hanc
527 3557 696 3612 locutionem
710 3555 910 3612 LANDGRA
917 3556 945 3610 1¹¹
956 3556 974 3610 l.
991 3572 1013 3608 c.
1028 3571 1053 3624 p.
1078 3555 1106 3610 tt
1117 3570 1167 3625 sq..
1188 3552 1238 3608 sed
1257 3562 1334 3607 nota·

157 3673 261 3714 verunt
283 3659 546 3715 THIELMANN
561 3661 577 3714 l.
598 3677 620 3714 c.
643 3676 668 3727 p.
686 3659 721 3716 tt
740 3671 766 3714 et
792 3646 1025 3718 WO'LFFLIN
1040 3657 1116 3728 Em,
1144 3657 1263 3720 Frustra,
1284 3674 1333 3712 ne·

156 3760 287 3832 quiquam
313 3759 370 3813 und
393 3775 548 3828 sinonyma
568 3759 687 3821 (Archiv
705 3760 748 3814 fiir
767 3759 813 3812 lat.
835 3759 899 3812 Lex.
919 3776 945 3811 u.
967 3758 1091 3813 Gramm.
1114 3759 1189 3820 1885,
1209 3753 1249 3825 ΙΙ)
1268 3773 1293 3826 p.
1309 3759 1337 3814 6.

264 3859 315 3929 (**)
336 3859 429 3922 Quam
462 3858 577 3928 phrasin
605 3858 647 3928 (re
668 3875 735 3914 vera
769 3855 960 3927 Ciceronis)
997 3873 1032 3911 ex
1051 3855 1183 3910 Terentio
1206 3856 1330 3910 haustam

155 3973 219 4014 esse
237 3975 253 4011 a
272 3959 441 4028 Symmacho
477 3976 534 4014 non
555 3971 628 4013 recte
649 3960 756 4029 putavit
784 3958 929 4012 KROLL
949 3959 990 4024 (1.,
1009 3957 1052 4011 De
1072 3959 1107 4022 Q.
1127 3956 1234 4012 Aurelii
1253 3956 1333 4026 Sym-

156 4059 250 4114 machi
268 4059 369 4114 studiis
388 4059 495 4130 graecis
515 4071 541 4113 et
561 4058 661 4115 latinis.
681 4060 748 4114 Pars
767 4060 779 4112 1
800 4058 992 4126 (Vratislariae
1015 4057 1093 4128 1881)
1113 4075 1136 4127 p.
1157 4057 1199 4114 31.

263 4158 335 4228 tm)
352 4156 408 4214 Per
428 4175 554 4212 errorem
579 4158 641 4211 citat
677 4156 778 4212 OTTO
797 4175 821 4227 p.
844 4156 894 4213 381)
914 4171 936 4212 s.
956 4174 983 4210 6.
1003 4157 1097 4210 vultus
1120 4159 1145 4210 2.·
1166 4159 1222 4211 Att.
1242 4155 1268 4220 1,
1288 4155 1332 4220 17,

153 4259 344 4325 d-cuperem
364 4258 474 4312 vultum
493 4257 618 4313 uiderem
637 4270 753 4313 tuum...

264 4355 352 4427 (Μ’)
373 4358 526 4427 Compares
546 4367 694 4425 praeterea,
713 4355 737 4409 si
756 4355 844 4423 placet
862 4357 919 4410 Art.
939 4353 964 4418 1,
986 4355 1009 4414 7,
1025 4353 1040 4408 1
1056 4353 1099 4408 De
1118 4353 1171 4408 isto
1193 4353 1269 4408 licet
1284 4351 1331 4405 be·

158 4471 194 4510 ne
213 4471 432 4525 speres-cum
452 4457 496 4510 Ht.
516 4455 566 4515 181
587 4455 674 4511 Modo
693 4456 794 4511 liceat
813 4456 919 4518 virere,
940 4466 981 4508 est
996 4468 1081 4521 spes.
