<?xml version="1.0" encoding="UTF-8"?>
<!DOCTYPE html PUBLIC "-//W3C//DTD XHTML 1.0 Transitional//EN"
    "http://www.w3.org/TR/xhtml1/DTD/xhtml1-transitional.dtd">
<html xmlns="http://www.w3.org/1999/xhtml" xml:lang="en" lang="en">
 <head>
  <title>
</title>
<meta http-equiv="Content-Type" content="text/html;charset=utf-8" />
  <meta name='ocr-system' content='tesseract 3.04.00' />
  <meta name='ocr-capabilities' content='ocr_page ocr_carea ocr_par ocr_line ocrx_word'/>
</head>
<body>
  <div class='ocr_page' id='page_1' title='image "./terentianadecic00tchegoog_0008.png"; bbox 0 0 3214 4832; ppageno 0'>
   <div class='ocr_carea' id='block_1_1' title="bbox 259 1140 1368 1232">
    <p class='ocr_par' dir='ltr' id='par_1_1' title="bbox 259 1140 1368 1232">
     <span class='ocr_line' id='line_1_1' title="bbox 259 1140 1368 1232; baseline -0.021 -1"><span class='ocrx_word' id='word_1_1' title='bbox 259 1154 327 1232; x_wconf 79' lang='lat' dir='ltr'>DE</span> <span class='ocrx_word' id='word_1_2' title='bbox 373 1147 677 1228; x_wconf 73' lang='lat' dir='ltr'>OlOERONlS</span> <span class='ocrx_word' id='word_1_3' title='bbox 715 1143 942 1224; x_wconf 79' lang='lat' dir='ltr'>sTuutts</span> <span class='ocrx_word' id='word_1_4' title='bbox 989 1140 1368 1218; x_wconf 74' lang='grc' dir='ltr'>ΤΕΗΕΝΤΙΑΝΙΒ.</span> 
     </span>
    </p>
   </div>
   <div class='ocr_carea' id='block_1_2' title="bbox 186 1490 1396 2865">
    <p class='ocr_par' dir='ltr' id='par_1_2' title="bbox 186 1490 1396 2520">
     <span class='ocr_line' id='line_1_2' title="bbox 326 1490 1396 1578; baseline -0.014 -8"><span class='ocrx_word' id='word_1_5' title='bbox 326 1503 536 1572; x_wconf 81' lang='lat' dir='ltr'>Ciceronem</span> <span class='ocrx_word' id='word_1_6' title='bbox 560 1499 716 1567; x_wconf 83' lang='lat' dir='ltr'>Terentii</span> <span class='ocrx_word' id='word_1_7' title='bbox 741 1496 949 1566; x_wconf 75' lang='lat' dir='ltr'>comoedias</span> <span class='ocrx_word' id='word_1_8' title='bbox 987 1493 1248 1564; x_wconf 63' lang='lat' dir='ltr'>studiosissime</span> <span class='ocrx_word' id='word_1_9' title='bbox 1270 1490 1396 1578; x_wconf 81' lang='lat' dir='ltr'>legisse</span> 
     </span>
     <span class='ocr_line' id='line_1_3' title="bbox 221 1604 1394 1702; baseline -0.014 -13"><span class='ocrx_word' id='word_1_10' title='bbox 221 1622 306 1689; x_wconf 76' lang='lat' dir='ltr'>sartis</span> <span class='ocrx_word' id='word_1_11' title='bbox 316 1618 460 1702; x_wconf 79' lang='lat' dir='ltr'>probari</span> <span class='ocrx_word' id='word_1_12' title='bbox 469 1622 583 1700; x_wconf 82' lang='lat' dir='ltr'>potest</span> <span class='ocrx_word' id='word_1_13' title='bbox 597 1636 677 1682; x_wconf 90' lang='lat' dir='ltr'>cum</span> <span class='ocrx_word' id='word_1_14' title='bbox 690 1613 924 1681; x_wconf 83' lang='lat' dir='ltr'>multitudine</span> <span class='ocrx_word' id='word_1_15' title='bbox 934 1612 1205 1699; x_wconf 80' lang='lat' dir='ltr'>loconrm,quos</span> <span class='ocrx_word' id='word_1_16' title='bbox 1220 1605 1335 1676; x_wconf 79' lang='lat' dir='ltr'>exillo</span> <span class='ocrx_word' id='word_1_17' title='bbox 1350 1604 1394 1672; x_wconf 84' lang='lat' dir='ltr'>ad</span> 
     </span>
     <span class='ocr_line' id='line_1_4' title="bbox 220 1709 1396 1810; baseline -0.014 -7"><span class='ocrx_word' id='word_1_18' title='bbox 220 1733 469 1803; x_wconf 68' lang='lat' dir='ltr'>illustrandam</span> <span class='ocrx_word' id='word_1_19' title='bbox 494 1709 689 1800; x_wconf 84' lang='lat' dir='ltr'>orationem</span> <span class='ocrx_word' id='word_1_20' title='bbox 716 1730 811 1797; x_wconf 90' lang='lat' dir='ltr'>libn&#39;s</span> <span class='ocrx_word' id='word_1_21' title='bbox 849 1729 923 1797; x_wconf 87' lang='lat' dir='ltr'>suis</span> <span class='ocrx_word' id='word_1_22' title='bbox 946 1727 1193 1810; x_wconf 72' lang='lat' dir='ltr'>intermiscuit,</span> <span class='ocrx_word' id='word_1_23' title='bbox 1228 1730 1303 1790; x_wconf 90' lang='lat' dir='ltr'>tum</span> <span class='ocrx_word' id='word_1_24' title='bbox 1328 1723 1396 1791; x_wconf 88' lang='lat' dir='ltr'>sin-</span> 
     </span>
     <span class='ocr_line' id='line_1_5' title="bbox 218 1840 1395 1943; baseline -0.009 -24"><span class='ocrx_word' id='word_1_25' title='bbox 218 1851 309 1943; x_wconf 84' lang='lat' dir='ltr'>gulis</span> <span class='ocrx_word' id='word_1_26' title='bbox 332 1849 585 1935; x_wconf 86' lang='lat' dir='ltr'>locutionibus,</span> <span class='ocrx_word' id='word_1_27' title='bbox 608 1869 700 1939; x_wconf 85' lang='lat' dir='ltr'>quac</span> <span class='ocrx_word' id='word_1_28' title='bbox 724 1845 809 1914; x_wconf 87' lang='lat' dir='ltr'>inde</span> <span class='ocrx_word' id='word_1_29' title='bbox 844 1845 1021 1930; x_wconf 84' lang='lat' dir='ltr'>profectae</span> <span class='ocrx_word' id='word_1_30' title='bbox 1046 1847 1139 1915; x_wconf 83' lang='lat' dir='ltr'>sunt.</span> <span class='ocrx_word' id='word_1_31' title='bbox 1165 1840 1210 1908; x_wconf 78' lang='lat' dir='ltr'>At</span> <span class='ocrx_word' id='word_1_32' title='bbox 1233 1841 1395 1930; x_wconf 78' lang='lat' dir='ltr'>quaestio</span> 
     </span>
     <span class='ocr_line' id='line_1_6' title="bbox 219 1954 1396 2046; baseline -0.011 -11"><span class='ocrx_word' id='word_1_33' title='bbox 219 1968 262 2035; x_wconf 87' lang='lat' dir='ltr'>de</span> <span class='ocrx_word' id='word_1_34' title='bbox 287 1967 470 2038; x_wconf 76' lang='lat' dir='ltr'>Ciceronis</span> <span class='ocrx_word' id='word_1_35' title='bbox 495 1965 623 2035; x_wconf 85' lang='lat' dir='ltr'>studiis</span> <span class='ocrx_word' id='word_1_36' title='bbox 640 1963 864 2032; x_wconf 86' lang='lat' dir='ltr'>Terentianis</span> <span class='ocrx_word' id='word_1_37' title='bbox 903 1962 1049 2031; x_wconf 91' lang='lat' dir='ltr'>omnino</span> <span class='ocrx_word' id='word_1_38' title='bbox 1073 1957 1192 2028; x_wconf 88' lang='lat' dir='ltr'>adhuc</span> <span class='ocrx_word' id='word_1_39' title='bbox 1234 1954 1396 2046; x_wconf 86' lang='lat' dir='ltr'>neglecta</span> 
     </span>
     <span class='ocr_line' id='line_1_7' title="bbox 216 2071 1393 2167; baseline -0.012 -15"><span class='ocrx_word' id='word_1_40' title='bbox 216 2104 294 2152; x_wconf 84' lang='lat' dir='ltr'>esse</span> <span class='ocrx_word' id='word_1_41' title='bbox 325 2081 477 2167; x_wconf 87' lang='lat' dir='ltr'>videtur,</span> <span class='ocrx_word' id='word_1_42' title='bbox 515 2080 619 2164; x_wconf 88' lang='lat' dir='ltr'>pauci</span> <span class='ocrx_word' id='word_1_43' title='bbox 653 2079 750 2146; x_wconf 88' lang='lat' dir='ltr'>enim</span> <span class='ocrx_word' id='word_1_44' title='bbox 785 2077 852 2144; x_wconf 81' lang='lat' dir='ltr'>vin·</span> <span class='ocrx_word' id='word_1_45' title='bbox 879 2075 972 2144; x_wconf 85' lang='lat' dir='ltr'>docti</span> <span class='ocrx_word' id='word_1_46' title='bbox 1008 2075 1100 2141; x_wconf 89' lang='lat' dir='ltr'>hanc</span> <span class='ocrx_word' id='word_1_47' title='bbox 1133 2071 1319 2140; x_wconf 84' lang='lat' dir='ltr'>materiam</span> <span class='ocrx_word' id='word_1_48' title='bbox 1357 2072 1393 2138; x_wconf 93' lang='lat' dir='ltr'>in</span> 
     </span>
     <span class='ocr_line' id='line_1_8' title="bbox 217 2187 1395 2283; baseline -0.008 -17"><span class='ocrx_word' id='word_1_49' title='bbox 217 2197 397 2280; x_wconf 86' lang='lat' dir='ltr'>opusculis</span> <span class='ocrx_word' id='word_1_50' title='bbox 439 2197 512 2265; x_wconf 89' lang='lat' dir='ltr'>suis</span> <span class='ocrx_word' id='word_1_51' title='bbox 529 2197 683 2276; x_wconf 79' lang='lat' dir='ltr'>strictim</span> <span class='ocrx_word' id='word_1_52' title='bbox 710 2194 915 2283; x_wconf 86' lang='lat' dir='ltr'>attigerunt,</span> <span class='ocrx_word' id='word_1_53' title='bbox 960 2211 1035 2260; x_wconf 91' lang='lat' dir='ltr'>nou</span> <span class='ocrx_word' id='word_1_54' title='bbox 1060 2196 1133 2257; x_wconf 88' lang='lat' dir='ltr'>tam</span> <span class='ocrx_word' id='word_1_55' title='bbox 1177 2187 1261 2256; x_wconf 76' lang='lat' dir='ltr'>(lata</span> <span class='ocrx_word' id='word_1_56' title='bbox 1289 2208 1395 2270; x_wconf 78' lang='lat' dir='ltr'>opem</span> 
     </span>
     <span class='ocr_line' id='line_1_9' title="bbox 186 2306 1394 2405; baseline -0.007 -23"><span class='ocrx_word' id='word_1_57' title='bbox 186 2359 191 2363; x_wconf 93' lang='lat'>-</span> <span class='ocrx_word' id='word_1_58' title='bbox 218 2335 325 2405; x_wconf 88' lang='lat' dir='ltr'>quem</span> <span class='ocrx_word' id='word_1_59' title='bbox 349 2313 533 2382; x_wconf 81' lang='lat' dir='ltr'>occasione</span> <span class='ocrx_word' id='word_1_60' title='bbox 557 2309 719 2398; x_wconf 82' lang='lat' dir='ltr'>oblata.*)</span> <span class='ocrx_word' id='word_1_61' title='bbox 744 2308 823 2398; x_wconf 76' lang='lat' dir='ltr'>Quo</span> <span class='ocrx_word' id='word_1_62' title='bbox 849 2309 1066 2394; x_wconf 77' lang='lat' dir='ltr'>factumest,</span> <span class='ocrx_word' id='word_1_63' title='bbox 1092 2313 1133 2376; x_wconf 86' lang='lat' dir='ltr'>ut</span> <span class='ocrx_word' id='word_1_64' title='bbox 1148 2306 1394 2376; x_wconf 83' lang='lat' dir='ltr'>demonstrare</span> 
     </span>
     <span class='ocr_line' id='line_1_10' title="bbox 219 2424 1258 2520; baseline -0.003 -21"><span class='ocrx_word' id='word_1_65' title='bbox 219 2428 342 2499; x_wconf 83' lang='lat' dir='ltr'>Cicero</span> <span class='ocrx_word' id='word_1_66' title='bbox 366 2427 453 2520; x_wconf 92' lang='lat' dir='ltr'>quid</span> <span class='ocrx_word' id='word_1_67' title='bbox 478 2426 625 2496; x_wconf 87' lang='lat' dir='ltr'>deberet</span> <span class='ocrx_word' id='word_1_68' title='bbox 646 2427 811 2495; x_wconf 86' lang='lat' dir='ltr'>Terentio</span> <span class='ocrx_word' id='word_1_69' title='bbox 835 2424 926 2494; x_wconf 90' lang='lat' dir='ltr'>mihi</span> <span class='ocrx_word' id='word_1_70' title='bbox 950 2427 987 2493; x_wconf 93' lang='lat' dir='ltr'>in</span> <span class='ocrx_word' id='word_1_71' title='bbox 1011 2425 1131 2493; x_wconf 87' lang='lat' dir='ltr'>animo</span> <span class='ocrx_word' id='word_1_72' title='bbox 1155 2427 1258 2496; x_wconf 86' lang='lat' dir='ltr'>esset.</span> 
     </span>
    </p>

    <p class='ocr_par' dir='ltr' id='par_1_3' title="bbox 216 2539 1394 2865">
     <span class='ocr_line' id='line_1_11' title="bbox 323 2539 1394 2636; baseline -0.005 -24"><span class='ocrx_word' id='word_1_73' title='bbox 323 2547 441 2636; x_wconf 85' lang='lat' dir='ltr'>Atque</span> <span class='ocrx_word' id='word_1_74' title='bbox 465 2543 502 2612; x_wconf 91' lang='lat' dir='ltr'>id</span> <span class='ocrx_word' id='word_1_75' title='bbox 525 2544 654 2632; x_wconf 84' lang='lat' dir='ltr'>ipsum,</span> <span class='ocrx_word' id='word_1_76' title='bbox 677 2542 773 2633; x_wconf 91' lang='lat' dir='ltr'>quod</span> <span class='ocrx_word' id='word_1_77' title='bbox 819 2542 908 2610; x_wconf 91' lang='lat' dir='ltr'>mihi</span> <span class='ocrx_word' id='word_1_78' title='bbox 939 2543 1117 2631; x_wconf 86' lang='lat' dir='ltr'>proposui,</span> <span class='ocrx_word' id='word_1_79' title='bbox 1139 2541 1191 2610; x_wconf 87' lang='lat' dir='ltr'>sic</span> <span class='ocrx_word' id='word_1_80' title='bbox 1236 2539 1394 2630; x_wconf 85' lang='lat' dir='ltr'>digeren-</span> 
     </span>
     <span class='ocr_line' id='line_1_12' title="bbox 217 2655 1393 2750; baseline -0.003 -20"><span class='ocrx_word' id='word_1_81' title='bbox 217 2663 303 2730; x_wconf 85' lang='lat' dir='ltr'>‹lum</span> <span class='ocrx_word' id='word_1_82' title='bbox 326 2661 460 2750; x_wconf 86' lang='lat' dir='ltr'>putavi,</span> <span class='ocrx_word' id='word_1_83' title='bbox 483 2667 524 2728; x_wconf 90' lang='lat' dir='ltr'>ut</span> <span class='ocrx_word' id='word_1_84' title='bbox 547 2661 703 2744; x_wconf 84' lang='lat' dir='ltr'>primum</span> <span class='ocrx_word' id='word_1_85' title='bbox 721 2658 818 2728; x_wconf 87' lang='lat' dir='ltr'>locos</span> <span class='ocrx_word' id='word_1_86' title='bbox 844 2659 1036 2746; x_wconf 80' lang='lat' dir='ltr'>Ciceronis,</span> <span class='ocrx_word' id='word_1_87' title='bbox 1094 2655 1224 2748; x_wconf 84' lang='lat' dir='ltr'>quibus</span> <span class='ocrx_word' id='word_1_88' title='bbox 1270 2678 1393 2726; x_wconf 89' lang='lat' dir='ltr'>versus</span> 
     </span>
     <span class='ocr_line' id='line_1_13' title="bbox 216 2771 1392 2865; baseline -0.003 -19"><span class='ocrx_word' id='word_1_89' title='bbox 216 2778 421 2846; x_wconf 84' lang='lat' dir='ltr'>Terentiani</span> <span class='ocrx_word' id='word_1_90' title='bbox 446 2775 678 2865; x_wconf 86' lang='lat' dir='ltr'>inducuntur,</span> <span class='ocrx_word' id='word_1_91' title='bbox 702 2795 964 2857; x_wconf 86' lang='lat' dir='ltr'>enumerarem,</span> <span class='ocrx_word' id='word_1_92' title='bbox 1000 2772 1131 2843; x_wconf 85' lang='lat' dir='ltr'>deiude</span> <span class='ocrx_word' id='word_1_93' title='bbox 1177 2771 1392 2842; x_wconf 87' lang='lat' dir='ltr'>omninode</span> 
     </span>
    </p>
   </div>
   <div class='ocr_carea' id='block_1_3' title="bbox 214 3090 1393 4553">
    <p class='ocr_par' dir='ltr' id='par_1_4' title="bbox 214 3090 1393 4553">
     <span class='ocr_line' id='line_1_14' title="bbox 288 3090 1392 3163; baseline 0 -17"><span class='ocrx_word' id='word_1_94' title='bbox 288 3090 322 3161; x_wconf 77' lang='lat'>(*)</span> <span class='ocrx_word' id='word_1_95' title='bbox 343 3091 688 3148; x_wconf 76' lang='lat' dir='ltr'><em>FRIEDLAENDER</em></span> <span class='ocrx_word' id='word_1_96' title='bbox 708 3092 751 3161; x_wconf 77' lang='lat' dir='ltr'>L,</span> <span class='ocrx_word' id='word_1_97' title='bbox 771 3093 814 3148; x_wconf 89' lang='lat' dir='ltr'>De</span> <span class='ocrx_word' id='word_1_98' title='bbox 830 3091 973 3148; x_wconf 84' lang='lat' dir='ltr'>nonnullis</span> <span class='ocrx_word' id='word_1_99' title='bbox 992 3091 1060 3147; x_wconf 83' lang='lat' dir='ltr'>locis</span> <span class='ocrx_word' id='word_1_100' title='bbox 1075 3090 1274 3155; x_wconf 79' lang='lat' dir='ltr'>Ciceronianis,</span> <span class='ocrx_word' id='word_1_101' title='bbox 1293 3090 1392 3163; x_wconf 87' lang='lat' dir='ltr'>inqui·</span> 
     </span>
     <span class='ocr_line' id='line_1_15' title="bbox 217 3189 1389 3263; baseline 0 -20"><span class='ocrx_word' id='word_1_102' title='bbox 217 3190 268 3246; x_wconf 90' lang='lat' dir='ltr'>bus</span> <span class='ocrx_word' id='word_1_103' title='bbox 287 3190 373 3245; x_wconf 76' lang='lat' dir='ltr'>rerba</span> <span class='ocrx_word' id='word_1_104' title='bbox 392 3202 537 3259; x_wconf 78' lang='lat' dir='ltr'>poetarum</span> <span class='ocrx_word' id='word_1_105' title='bbox 557 3189 642 3245; x_wconf 86' lang='lat' dir='ltr'>latent</span> <span class='ocrx_word' id='word_1_106' title='bbox 665 3191 839 3263; x_wconf 78' lang='lat' dir='ltr'>(Regimonti</span> <span class='ocrx_word' id='word_1_107' title='bbox 861 3189 950 3261; x_wconf 74' lang='lat'><strong>1860).</strong></span> <span class='ocrx_word' id='word_1_108' title='bbox 985 3190 1161 3251; x_wconf 83' lang='lat' dir='ltr'><strong><em>VAHLEN</em></strong></span> <span class='ocrx_word' id='word_1_109' title='bbox 1177 3189 1213 3257; x_wconf 75' lang='lat'>1,</span> <span class='ocrx_word' id='word_1_110' title='bbox 1242 3189 1286 3246; x_wconf 88' lang='lat' dir='ltr'>De</span> <span class='ocrx_word' id='word_1_111' title='bbox 1305 3193 1389 3246; x_wconf 76' lang='lat' dir='ltr'>versi·</span> 
     </span>
     <span class='ocr_line' id='line_1_16' title="bbox 217 3287 1393 3361; baseline 0.003 -20"><span class='ocrx_word' id='word_1_112' title='bbox 217 3289 267 3342; x_wconf 89' lang='lat' dir='ltr'>bus</span> <span class='ocrx_word' id='word_1_113' title='bbox 289 3287 433 3343; x_wconf 84' lang='lat' dir='ltr'>nonnullis</span> <span class='ocrx_word' id='word_1_114' title='bbox 464 3299 592 3344; x_wconf 79' lang='lat' dir='ltr'>veterum</span> <span class='ocrx_word' id='word_1_115' title='bbox 613 3300 758 3359; x_wconf 65' lang='lat' dir='ltr'>poetarum</span> <span class='ocrx_word' id='word_1_116' title='bbox 791 3290 982 3345; x_wconf 81' lang='lat' dir='ltr'>Romanorum</span> <span class='ocrx_word' id='word_1_117' title='bbox 986 3328 1026 3344; x_wconf 89' lang='grc'><strong>.....</strong></span> <span class='ocrx_word' id='word_1_118' title='bbox 1031 3289 1077 3361; x_wconf 92' lang='lat' dir='ltr'>qui</span> <span class='ocrx_word' id='word_1_119' title='bbox 1106 3301 1153 3344; x_wconf 81' lang='lat' dir='ltr'>aut</span> <span class='ocrx_word' id='word_1_120' title='bbox 1171 3302 1236 3345; x_wconf 86' lang='lat' dir='ltr'>sunt</span> <span class='ocrx_word' id='word_1_121' title='bbox 1265 3301 1312 3344; x_wconf 79' lang='lat' dir='ltr'>sut</span> <span class='ocrx_word' id='word_1_122' title='bbox 1332 3304 1393 3345; x_wconf 85' lang='lat' dir='ltr'>esse</span> 
     </span>
     <span class='ocr_line' id='line_1_17' title="bbox 218 3388 1392 3461; baseline 0.004 -20"><span class='ocrx_word' id='word_1_123' title='bbox 218 3388 315 3444; x_wconf 85' lang='lat' dir='ltr'>crediti</span> <span class='ocrx_word' id='word_1_124' title='bbox 334 3402 399 3444; x_wconf 90' lang='lat' dir='ltr'>sunt</span> <span class='ocrx_word' id='word_1_125' title='bbox 428 3389 502 3459; x_wconf 80' lang='lat' dir='ltr'>apud</span> <span class='ocrx_word' id='word_1_126' title='bbox 521 3388 558 3446; x_wconf 77' lang='lat' dir='ltr'>ll.</span> <span class='ocrx_word' id='word_1_127' title='bbox 579 3391 745 3447; x_wconf 80' lang='lat' dir='ltr'>Ciceronem</span> <span class='ocrx_word' id='word_1_128' title='bbox 779 3389 910 3460; x_wconf 88' lang='lat' dir='ltr'>(Berolini</span> <span class='ocrx_word' id='word_1_129' title='bbox 931 3391 1020 3461; x_wconf 78' lang='lat'>1079).</span> <span class='ocrx_word' id='word_1_130' title='bbox 1050 3390 1192 3458; x_wconf 81' lang='lat' dir='ltr'>Eiusdem,</span> <span class='ocrx_word' id='word_1_131' title='bbox 1208 3391 1392 3456; x_wconf 81' lang='lat' dir='ltr'>Quaestiones</span> 
     </span>
     <span class='ocr_line' id='line_1_18' title="bbox 218 3485 1393 3563; baseline 0.003 -22"><span class='ocrx_word' id='word_1_132' title='bbox 218 3485 403 3545; x_wconf 80' lang='lat' dir='ltr'>Terentianae</span> <span class='ocrx_word' id='word_1_133' title='bbox 420 3487 554 3559; x_wconf 84' lang='lat' dir='ltr'>(Bernllni</span> <span class='ocrx_word' id='word_1_134' title='bbox 575 3487 665 3560; x_wconf 83' lang='lat'>1883).</span> <span class='ocrx_word' id='word_1_135' title='bbox 686 3491 812 3563; x_wconf 79' lang='lat' dir='ltr'>Utraque</span> <span class='ocrx_word' id='word_1_136' title='bbox 836 3491 956 3547; x_wconf 76' lang='lat' dir='ltr'>Vahleni</span> <span class='ocrx_word' id='word_1_137' title='bbox 976 3491 1126 3562; x_wconf 67' lang='lat' dir='ltr'>dispectio</span> <span class='ocrx_word' id='word_1_138' title='bbox 1144 3489 1282 3546; x_wconf 88' lang='lat' dir='ltr'>indicibus</span> <span class='ocrx_word' id='word_1_139' title='bbox 1301 3491 1393 3546; x_wconf 87' lang='lat' dir='ltr'>lectio·</span> 
     </span>
     <span class='ocr_line' id='line_1_19' title="bbox 218 3586 1392 3658; baseline 0.001 -18"><span class='ocrx_word' id='word_1_140' title='bbox 218 3603 285 3641; x_wconf 90' lang='lat' dir='ltr'>num</span> <span class='ocrx_word' id='word_1_141' title='bbox 305 3587 333 3642; x_wconf 91' lang='lat' dir='ltr'>in</span> <span class='ocrx_word' id='word_1_142' title='bbox 353 3588 543 3644; x_wconf 77' lang='lat' dir='ltr'>Universitate</span> <span class='ocrx_word' id='word_1_143' title='bbox 576 3589 716 3644; x_wconf 86' lang='lat' dir='ltr'>Friderica</span> <span class='ocrx_word' id='word_1_144' title='bbox 736 3591 875 3646; x_wconf 83' lang='lat' dir='ltr'>Guilelms</span> <span class='ocrx_word' id='word_1_145' title='bbox 894 3591 1049 3645; x_wconf 82' lang='lat' dir='ltr'>habitarum</span> <span class='ocrx_word' id='word_1_146' title='bbox 1069 3606 1177 3646; x_wconf 81' lang='lat' dir='ltr'>annexa</span> <span class='ocrx_word' id='word_1_147' title='bbox 1197 3602 1239 3645; x_wconf 82' lang='lat' dir='ltr'>est</span> <span class='ocrx_word' id='word_1_148' title='bbox 1257 3586 1392 3658; x_wconf 86' lang='lat' dir='ltr'>(Berolini</span> 
     </span>
     <span class='ocr_line' id='line_1_20' title="bbox 218 3684 1392 3758; baseline 0.007 -21"><span class='ocrx_word' id='word_1_149' title='bbox 218 3684 357 3740; x_wconf 74' lang='lat' dir='ltr'>tera-80</span> <span class='ocrx_word' id='word_1_150' title='bbox 376 3700 403 3742; x_wconf 86' lang='lat' dir='ltr'>et</span> <span class='ocrx_word' id='word_1_151' title='bbox 427 3684 585 3758; x_wconf 77' lang='grc'><strong>1883-84).</strong></span> <span class='ocrx_word' id='word_1_152' title='bbox 630 3688 943 3746; x_wconf 72' lang='lat' dir='ltr'><em>SGHOLLME&#39;YER</em></span> <span class='ocrx_word' id='word_1_153' title='bbox 961 3690 1005 3754; x_wconf 74' lang='lat' dir='ltr'>E..</span> <span class='ocrx_word' id='word_1_154' title='bbox 1025 3690 1102 3755; x_wconf 86' lang='lat' dir='ltr'>Quid</span> <span class='ocrx_word' id='word_1_155' title='bbox 1127 3689 1226 3745; x_wconf 87' lang='lat' dir='ltr'>Cicero</span> <span class='ocrx_word' id='word_1_156' title='bbox 1248 3688 1283 3743; x_wconf 85' lang='lat' dir='ltr'>de</span> <span class='ocrx_word' id='word_1_157' title='bbox 1303 3689 1392 3758; x_wconf 86' lang='lat' dir='ltr'>poetis</span> 
     </span>
     <span class='ocr_line' id='line_1_21' title="bbox 215 3784 1392 3858; baseline 0.003 -19"><span class='ocrx_word' id='word_1_158' title='bbox 215 3784 406 3839; x_wconf 80' lang='lat' dir='ltr'>Romanorum</span> <span class='ocrx_word' id='word_1_159' title='bbox 426 3784 593 3841; x_wconf 72' lang='lat' dir='ltr'>iudicaverit</span> <span class='ocrx_word' id='word_1_160' title='bbox 622 3784 714 3854; x_wconf 77' lang='lat' dir='ltr'>(liciis</span> <span class='ocrx_word' id='word_1_161' title='bbox 732 3788 874 3843; x_wconf 81' lang='lat' dir='ltr'>Saxonum</span> <span class='ocrx_word' id='word_1_162' title='bbox 898 3788 985 3858; x_wconf 77' lang='lat' dir='ltr'>l88l).</span> <span class='ocrx_word' id='word_1_163' title='bbox 1018 3786 1254 3844; x_wconf 77' lang='lat' dir='ltr'><em>LANDGRAF</em></span> <span class='ocrx_word' id='word_1_164' title='bbox 1287 3789 1328 3854; x_wconf 79' lang='grc'>0.,</span> <span class='ocrx_word' id='word_1_165' title='bbox 1348 3789 1392 3843; x_wconf 89' lang='lat' dir='ltr'>De</span> 
     </span>
     <span class='ocr_line' id='line_1_22' title="bbox 215 3883 1390 3956; baseline 0.003 -20"><span class='ocrx_word' id='word_1_166' title='bbox 215 3883 360 3938; x_wconf 83' lang='lat' dir='ltr'>ticeronis</span> <span class='ocrx_word' id='word_1_167' title='bbox 378 3884 535 3940; x_wconf 85' lang='lat' dir='ltr'>elocutione</span> <span class='ocrx_word' id='word_1_168' title='bbox 556 3884 585 3938; x_wconf 91' lang='lat' dir='ltr'>in</span> <span class='ocrx_word' id='word_1_169' title='bbox 604 3885 777 3939; x_wconf 81' lang='lat' dir='ltr'>orationibus</span> <span class='ocrx_word' id='word_1_170' title='bbox 813 3901 863 3953; x_wconf 73' lang='lat' dir='ltr'>pro</span> <span class='ocrx_word' id='word_1_171' title='bbox 884 3884 913 3940; x_wconf 88' lang='lat' dir='ltr'>P.</span> <span class='ocrx_word' id='word_1_172' title='bbox 933 3887 1066 3951; x_wconf 85' lang='lat' dir='ltr'>Quinctio</span> <span class='ocrx_word' id='word_1_173' title='bbox 1086 3899 1113 3941; x_wconf 84' lang='lat' dir='ltr'>ct</span> <span class='ocrx_word' id='word_1_174' title='bbox 1134 3901 1184 3956; x_wconf 81' lang='lat' dir='ltr'>pro</span> <span class='ocrx_word' id='word_1_175' title='bbox 1206 3886 1269 3942; x_wconf 87' lang='lat' dir='ltr'>Sex.</span> <span class='ocrx_word' id='word_1_176' title='bbox 1288 3887 1390 3942; x_wconf 87' lang='lat' dir='ltr'>Roscio</span> 
     </span>
     <span class='ocr_line' id='line_1_23' title="bbox 214 3981 1392 4054; baseline 0.003 -16"><span class='ocrx_word' id='word_1_177' title='bbox 214 3982 350 4038; x_wconf 76' lang='lat' dir='ltr'>Anterino</span> <span class='ocrx_word' id='word_1_178' title='bbox 369 3983 517 4050; x_wconf 69' lang='lat' dir='ltr'>conspicua</span> <span class='ocrx_word' id='word_1_179' title='bbox 537 3982 727 4054; x_wconf 81' lang='lat' dir='ltr'>(Wirceburgi</span> <span class='ocrx_word' id='word_1_180' title='bbox 751 3981 838 4053; x_wconf 83' lang='lat' dir='ltr'>187s).</span> <span class='ocrx_word' id='word_1_181' title='bbox 857 3982 1101 4039; x_wconf 80' lang='lat' dir='ltr'><em>HELLMUTH</em></span> <span class='ocrx_word' id='word_1_182' title='bbox 1116 3985 1168 4052; x_wconf 77' lang='lat' dir='ltr'>H,</span> <span class='ocrx_word' id='word_1_183' title='bbox 1188 3985 1230 4040; x_wconf 91' lang='lat' dir='ltr'>De</span> <span class='ocrx_word' id='word_1_184' title='bbox 1251 3985 1392 4041; x_wconf 89' lang='lat' dir='ltr'>sermonis</span> 
     </span>
     <span class='ocr_line' id='line_1_24' title="bbox 216 4080 1391 4154; baseline 0.004 -20"><span class='ocrx_word' id='word_1_185' title='bbox 216 4081 437 4151; x_wconf 81' lang='lat' dir='ltr'>proprietatibus,</span> <span class='ocrx_word' id='word_1_186' title='bbox 458 4080 569 4154; x_wconf 86' lang='lat' dir='ltr'>quaein</span> <span class='ocrx_word' id='word_1_187' title='bbox 589 4082 728 4153; x_wconf 85' lang='lat' dir='ltr'>prioribus</span> <span class='ocrx_word' id='word_1_188' title='bbox 748 4082 893 4138; x_wconf 86' lang='lat' dir='ltr'>Ciceronis</span> <span class='ocrx_word' id='word_1_189' title='bbox 914 4084 1088 4140; x_wconf 83' lang='lat' dir='ltr'>orationibus</span> <span class='ocrx_word' id='word_1_190' title='bbox 1107 4084 1289 4139; x_wconf 80' lang='lat' dir='ltr'>inveniuntur</span> <span class='ocrx_word' id='word_1_191' title='bbox 1309 4085 1391 4153; x_wconf 83' lang='lat' dir='ltr'>(Acta</span> 
     </span>
     <span class='ocr_line' id='line_1_25' title="bbox 214 4179 1391 4254; baseline 0.005 -20"><span class='ocrx_word' id='word_1_192' title='bbox 214 4179 371 4250; x_wconf 75' lang='lat' dir='ltr'>semcphil.</span> <span class='ocrx_word' id='word_1_193' title='bbox 393 4182 504 4254; x_wconf 82' lang='lat' dir='ltr'>Erlang.</span> <span class='ocrx_word' id='word_1_194' title='bbox 526 4181 702 4254; x_wconf 79' lang='lat' dir='ltr'>1878,1pp.</span> <span class='ocrx_word' id='word_1_195' title='bbox 727 4180 889 4253; x_wconf 78' lang='lat' dir='ltr'>itt-174).</span> <span class='ocrx_word' id='word_1_196' title='bbox 931 4182 1196 4240; x_wconf 78' lang='lat' dir='ltr'><em>THIELMANN</em></span> <span class='ocrx_word' id='word_1_197' title='bbox 1233 4183 1309 4250; x_wconf 68' lang='lat' dir='ltr'>PH,</span> <span class='ocrx_word' id='word_1_198' title='bbox 1347 4185 1391 4240; x_wconf 87' lang='lat' dir='ltr'>De</span> 
     </span>
     <span class='ocr_line' id='line_1_26' title="bbox 214 4280 1390 4356; baseline 0.004 -22"><span class='ocrx_word' id='word_1_199' title='bbox 214 4280 353 4335; x_wconf 82' lang='lat' dir='ltr'>sermonis</span> <span class='ocrx_word' id='word_1_200' title='bbox 373 4282 596 4352; x_wconf 80' lang='lat' dir='ltr'>proprietatibus,</span> <span class='ocrx_word' id='word_1_201' title='bbox 630 4299 700 4356; x_wconf 82' lang='lat' dir='ltr'>quae</span> <span class='ocrx_word' id='word_1_202' title='bbox 734 4281 867 4354; x_wconf 84' lang='lat' dir='ltr'>leguntur</span> <span class='ocrx_word' id='word_1_203' title='bbox 885 4283 960 4354; x_wconf 81' lang='lat' dir='ltr'>apud</span> <span class='ocrx_word' id='word_1_204' title='bbox 980 4282 1163 4340; x_wconf 75' lang='lat' dir='ltr'>Cornificium</span> <span class='ocrx_word' id='word_1_205' title='bbox 1184 4297 1210 4339; x_wconf 84' lang='lat' dir='ltr'>et</span> <span class='ocrx_word' id='word_1_206' title='bbox 1243 4283 1390 4352; x_wconf 80' lang='lat' dir='ltr'>inprimis</span> 
     </span>
     <span class='ocr_line' id='line_1_27' title="bbox 215 4377 1390 4452; baseline 0.004 -19"><span class='ocrx_word' id='word_1_207' title='bbox 215 4377 362 4433; x_wconf 78' lang='lat' dir='ltr'>Ciceronis</span> <span class='ocrx_word' id='word_1_208' title='bbox 381 4380 459 4435; x_wconf 88' lang='lat' dir='ltr'>libris</span> <span class='ocrx_word' id='word_1_209' title='bbox 477 4379 607 4449; x_wconf 74' lang='lat' dir='ltr'>(Discere.</span> <span class='ocrx_word' id='word_1_210' title='bbox 635 4384 751 4452; x_wconf 78' lang='lat' dir='ltr'>Argunt.</span> <span class='ocrx_word' id='word_1_211' title='bbox 774 4381 850 4446; x_wconf 74' lang='lat' dir='ltr'>lala,</span> <span class='ocrx_word' id='word_1_212' title='bbox 870 4377 909 4446; x_wconf 80' lang='lat' dir='ltr'>ll).</span> <span class='ocrx_word' id='word_1_213' title='bbox 944 4379 1095 4436; x_wconf 78' lang='lat' dir='ltr'><strong><em>MEYEB</em></strong></span> <span class='ocrx_word' id='word_1_214' title='bbox 1114 4383 1159 4447; x_wconf 83' lang='lat' dir='ltr'>P..</span> <span class='ocrx_word' id='word_1_215' title='bbox 1180 4384 1223 4439; x_wconf 89' lang='lat' dir='ltr'>De</span> <span class='ocrx_word' id='word_1_216' title='bbox 1242 4381 1390 4441; x_wconf 81' lang='lat' dir='ltr'>Ciceronls</span> 
     </span>
     <span class='ocr_line' id='line_1_28' title="bbox 215 4474 1004 4553; baseline 0.004 -22"><span class='ocrx_word' id='word_1_217' title='bbox 215 4474 244 4532; x_wconf 93' lang='lat' dir='ltr'>in</span> <span class='ocrx_word' id='word_1_218' title='bbox 264 4478 388 4548; x_wconf 87' lang='lat' dir='ltr'>epistolis</span> <span class='ocrx_word' id='word_1_219' title='bbox 407 4480 443 4535; x_wconf 81' lang='lat' dir='ltr'>ad</span> <span class='ocrx_word' id='word_1_220' title='bbox 464 4480 587 4537; x_wconf 78' lang='lat' dir='ltr'>Atticum</span> <span class='ocrx_word' id='word_1_221' title='bbox 606 4495 737 4539; x_wconf 84' lang='lat' dir='ltr'>sermone</span> <span class='ocrx_word' id='word_1_222' title='bbox 755 4480 901 4553; x_wconf 82' lang='lat' dir='ltr'>(Bayreuth</span> <span class='ocrx_word' id='word_1_223' title='bbox 918 4481 1004 4543; x_wconf 65' lang='lat'><strong>1887».</strong></span> 
     </span>
    </p>
   </div>
   <div class='ocr_carea' id='block_1_4' title="bbox 0 0 1612 4832">
    <p class='ocr_par' dir='ltr' id='par_1_5' title="bbox 0 0 1612 4832">
     <span class='ocr_line' id='line_1_29' title="bbox 0 0 1612 4832; baseline 0 2"><span class='ocrx_word' id='word_1_224' title='bbox 0 0 1612 4832; x_wconf 95' lang='lat' dir='ltr'> </span> 
     </span>
    </p>
   </div>
  </div>
 </body>
</html>
