3214 4832
779 210 826 248 46

326 419 423 487 Haeo
447 423 601 502 primum
644 444 662 488 a
697 421 861 488 Terentio
897 425 1026 490 usitata
1062 424 1237 491 voeabula
1271 448 1395 491 11111111·-

220 539 362 603 111111111
391 536 571 604 Ciceronis
600 539 794 621 operibus(

323 839 367 910 A.
392 837 590 912 NOMINA.

305 1040 521 1109 substantiva:
540 1060 604 1104 vox
620 1059 748 1127 graecu
765 1042 801 1106 in
818 1039 966 1106 latinum
986 1062 1186 1109 sermonem
1203 1051 1387 1126 rumpia--

216 1158 379 1224 musica
407 1157 507 1244 (plur.
538 1163 600 1246 n.)3
636 1158 746 1226 latina
776 1167 906 1227 novata
934 1169 1019 1227 sunl
1051 1161 1131 1233 duo:
1165 1161 1317 1228 allorum
1351 1165 1387 1228 in

215 1275 328 1356 ,,11·111“
363 1273 864 1364 desinens-gubernatrirr,
899 1276 1052 1344 alterum
1093 1299 1174 1346 oum
1215 1279 1389 1361 particula

215 1391 379 1476 negativa
402 1392 484 1476 „in“
509 1393 1024 1474 compositum-iniustitia.

323 1507 493 1593 Musica,
536 1529 639 1574 orurn
693 1510 843 1594 (musica
878 1513 1011 1594 ars)(*)
1058 1513 1213 1578 occurrit
1269 1513 1303 1576 in
1360 1511 1388 1576 Ε

215 1622 357 1717 177,(**)
406 1626 449 1699 of.
486 1626 558 1698 Cio.
594 1627 637 1694 (le
678 1648 727 1699 or.
761 1628 793 1713 1,
818 1626 927 1713 3,10;
961 1628 993 1714 1,
1018 1625 1072 1712 42,
1103 1624 1181 1713 1873
1217 1624 1319 1697 Tnso.
1357 1623 1388 1709 5,

214 1740 266 1827 22,
291 1739 429 1829 63,(***)

270 1841 272 1846 ⁴
322 1855 611 1924 Gubernntrix
645 1857 751 1945 (quae
780 1856 970 1946 gubernat)
1004 1857 1135 1945 legitur
1164 1858 1201 1922 in
1226 1856 1265 1928 E.
1290 1853 1389 1939 1046,

214 1971 257 2043 of.
285 1970 356 2045 Cio.
391 1973 434 2040 de
467 1995 515 2039 or.
557 1972 588 2057 1,
612 1971 643 2058 9,
679 1971 734 2045 38,
774 1972 889 2060 Quam
925 1972 1056 2039 habeat
1091 1972 1389 2062 significationem

214 2089 306 2170 apud
331 2090 406 2162 Tor.
430 2089 497 2157 hoe
521 2090 632 2161 subet.
669 2111 711 2157 ox
736 2111 840 2158 veron
876 2092 1038 2179 sequenti
1065 2088 1225 2156 eiusdem
1250 2107 1389 2154 comoe-

213 2203 294 2269 diae
318 2202 465 2293 intelligi
489 2207 716 2290 pausatura)

321 2317 541 2386 iniustitia
561 2321 757 2410 (iniqnitas)
780 2323 962 2388 invonitur
982 2322 1017 2386 iu
1040 2318 1097 2390 Ht.
1122 2317 1198 2404 131,
1219 2319 1280 2384 ubi
1300 2317 1389 2384 haee

213 2456 281 2501 vox
318 2436 467 2502 nimiam
504 2438 731 2504 severitatem
767 2438 954 2526 significat,
992 2443 1027 2504 ol
1063 2439 1097 2503 in
1136 2435 1206 2507 Au.
1236 2434 1388 2524 311111,

214 2572 283 2640 quo
307 2552 384 2618 looo
410 2551 546 2642 legitur:

212 2781 278 2788 —

319 2912 356 2981 (*)
377 2911 441 2966 Vid·
463 2911 604 2967 KREBS
622 2927 643 2967 s,
664 2929 691 2963 ν.
712 2911 823 2964 musica.

319 3011 374 3080 l**)
395 3011 435 3066 Cf.
457 3009 634 3066 HAULER
652 3011 669 3065 l.
691 3027 712 3062 c.
732 3026 757 3078 p.
782 3009 813 3066 18
834 3011 941 3064 110147
959 3022 984 3063 et
1001 3022 1056 3062 not.
1075 3008 1202 3062 FABIA
1218 3009 1285 3062 PH.
1306 3010 1386 3076 (Eun.

212 3110 254 3164 ed.
276 3111 351 3164 Paris
374 3109 462 3175 18955.
503 3107 717 3167 WUESEKE
744 3110 762 3164 l.
783 3126 841 3178 cp
870 3108 912 3163 33.
932 3125 991 3180 sqq.
1025 3111 1086 3162 sine
1106 3123 1185 3161 causa
1205 3108 1257 3161 hoc
1281 3108 1387 3162 illustre

212 3228 299 3264 exem:
313 3211 371 3264 lum
391 3211 493 3264 omisit.

317 3307 385 3375 (ffi)
413 3306 714 3362 SAALFELDIUS
752 3323 772 3362 s.
794 3325 821 3360 11.
842 3308 963 3362 musicus
984 3307 1059 3360 hunc
1079 3306 1221 3361 Ciceronis
1240 3304 1331 3358 locum
1351 3305 1386 3358 si-

212 3410 297 3463 lentio
318 3409 464 3476 praeteriit.

315 3507 405 3576 (aare)
426 3505 458 3562 E.
480 3507 548 3564 litt
570 3523 610 3578 sq.

567 3647 709 3662 ......
715 3623 782 3672 quae
802 3607 982 3676 gubernatrix
1001 3604 1060 3670 11111,

318 3707 411 3769 Quae
436 3718 482 3759 tot
502 3722 555 3759 res
586 3717 697 3758 tantas
725 3717 790 3757 tam
810 3716 1004 3773 opportune
1034 3704 1187 3756 inunum
1212 3702 1383 3756 conclusit

1285 3801 1384 3854 diem.

317 3903 358 3958 Cs.
380 3918 428 3956 not
459 3901 588 3957 FABIA
611 3899 694 3969 (Eun.
717 3903 758 3958 ed.
781 3904 841 3960 citi.
863 3903 905 3955 De
926 3904 1071 3954 nominum
1093 3900 1245 3953 verbalium
1277 3902 1385 3952 in-tor

212 4003 331 4055 et-trix
364 4002 552 4056 desinentium
581 4002 652 4070 apud
673 4001 836 4056 Terentium
866 4001 941 4069 copia
977 4013 1002 4053 et
1031 4001 1061 4051 ui
1089 3999 1205 4052 strictim
1237 3999 1386 4067 disputavit

210 4099 394 4154 AMDOHR
419 4099 458 4162 O.,
480 4100 593 4170 Prologi
616 4101 738 4167 Hecyrae
758 4098 940 4154 Terentianae
960 4098 1148 4168 grammatica,
1182 4098 1281 4156 critica,
1301 4097 1385 4149 histo·

210 4202 264 4252 rica
285 4197 389 4253 ratione
409 4212 607 4268 pertractantur
627 4200 815 4266 (Francofurti
834 4201 868 4254 ad
889 4199 1024 4255 Viadrum
1061 4199 1138 4260 1873)
1159 4216 1182 4268 p.
1205 4199 1247 4264 14,
1271 4201 1318 4253 ubi
1338 4216 1384 4268 per

211 4315 334 4352 errorem
355 4311 448 4352 tutor
467 4299 501 4352 ad
531 4296 697 4354 Terentiana
726 4312 827 4352 novata
857 4299 987 4368 refertur,
1008 4299 1111 4368 legitur
1131 4299 1205 4352 enim
1226 4297 1279 4352 hoc
1298 4299 1384 4353 subst.

207 4398 279 4467 apud
300 4399 385 4452 Plaut.
410 4399 472 4454 Aut.
493 4397 555 4454 430.
