3214 4832
778 215 825 258 ³8

315 431 476 520 Vulgaris
500 432 728 515 pleonasmus
753 453 854 500 suus
878 429 962 500 sibi
985 430 1115 520 legitur
1138 429 1232 513 apud
1256 430 1386 498 Teren·

205 553 299 618 tium
325 552 394 624 Ad.
421 551 489 617 958
512 553 594 620 Suo
624 551 706 620 sibi
728 551 847 642 gladio
869 550 969 617 huno
991 548 1206 640 iugulo—of.
1231 548 1327 620 Lael.
1355 547 1387 634 3,

206 665 248 732 11
276 667 393 735 faetus
419 671 472 734 θεῖ
495 667 653 742 consul...
679 669 810 735 iterum
836 665 919 735 sibi
943 686 1016 734 suo
1042 670 1258 750 tempore.(*)

317 781 382 852 His
416 782 503 854 loeis
536 786 773 853 inveniuntur
805 784 1018 866 pronomina
1051 803 1114 866 per
1137 781 1384 864 pleonasmnm

207 901 332 982 posita:
357 900 401 969 A.
429 898 528 973 797...
553 922 644 969 εθεθ
672 900 861 969 inhoneste
891 899 1055 982 optavit
1080 919 1206 981 parere
1230 895 1288 964 hio
1312 896 1391 965 diti·

208 1016 375 1089 as,..-of.
400 1016 525 1084 eadem
551 1016 731 1084 locutione
761 1015 897 1094 dietum
927 1013 1032 1088 Catil.
1065 1013 1098 1100 1,
1122 1012 1152 1100 2,
1177 1009 1199 1079 4
1222 1011 1388 1095 oupio-

206 1159 273 1205 me
298 1158 375 1205 esse
399 1136 624 1210 elementem.

317 1251 527 1344 Aliquando
548 1273 610 1334 per
623 1251 872 1335 pleonasmum
889 1250 1089 1339 iunguntur
1108 1245 1276 1314 adverbia
1296 1252 1391 1329 posi

209 1369 376 1456 deinde,
412 1369 456 1442 of.
481 1369 524 1440 A.
549 1367 615 1435 483
640 1369 704 1458 (**)
730 1367 783 1453 [Ε.
805 1364 870 1432 793
900 1371 988 1450 tum
1014 1366 1172 1450 postea]
1198 1367 1234 1430 θῖ
1255 1363 1332 1434 Αῖῖ.
1357 1361 1390 1448 2,

207 1484 264 1572 23,
284 1484 318 1572 2,
340 1484 610 1552 coniunctiones
634 1504 767 1575 nsque
792 1482 899 1567 dum,
924 1481 967 1554 of.
991 1479 1049 1554 Ηῖ.
1073 1478 1140 1548 136
1165 1487 1200 1547 θῖ
1224 1488 1287 1552 138
1313 1479 1388 1566 [Ht.

206 1600 275 1668 833
301 1601 623 1686 dnm-interea]
649 1604 685 1668 θῖ
708 1622 743 1673 n.
769 1599 802 1671 d.
829 1597 938 1685 2,51‚
963 1597 1030 1665 129
1059 1596 1297 1690 aliaque(***).
1329 1598 1389 1684 [A.

208 1729 285 1806 239,
313 1719 469 1791 seo-of.
494 1719 538 1786 de
561 1720 631 1792 inv.
656 1728 687 1804 2,
712 1725 764 1804 50,
793 1720 882 1803 152].

315 1835 481 1903 Terentio
506 1836 744 1922 (potissimum
768 1835 804 1902 in
830 1832 985 1922 Hecyra)
1011 1833 1196 1902 familiaris
1227 1841 1280 1903 est
1303 1837 1390 1919 peri-

207 1953 346 2036 phrasis
371 1953 461 2039 si(n)
498 1956 560 2018 θεῖ
584 1958 639 2023 nt:
669 1951 733 2024 Ph.
762 1949 829 2018 270
856 1951 898 2018 Si
921 1960 995 2039 θεῖ,
1017 1960 1154 2038 paone,
1179 1952 1319 2036 onlpam
1345 1960 1390 2021 nt

207 2067 369 2150 Antipho
406 2067 440 2132 in
467 2087 504 2134 εθ
529 2065 852 2154 admiserit(****)...
883 2067 948 2139 Ph.
973 2067 1039 2132 025
1063 2087 1136 2156 sq...
1161 2069 1224 2135 sin
1250 2073 1317 2135 θεῖ
1344 2074 1389 2135 ut

207 2183 297 2252 velis
321 2205 468 2251 manere
492 2182 592 2251 illam
617 2183 711 2266 apud
736 2189 780 2269 ῖθ,
812 2183 874 2251 dos
903 2183 962 2250 hie
991 2191 1145 2254 maneat.
1176 2182 1220 2254 H.
1249 2181 1314 2250 501
1347 2183 1389 2252 Si

209 2307 273 2368 θεῖ
297 2305 341 2368 nt
363 2299 449 2368 velit
472 2300 668 2368 redducere
690 2322 852 2387 uxorem,
884 2299 999 2374 lieet...
1034 2300 1077 2373 H.
1102 2300 1168 2368 558
1193 2322 1243 2393 sq.
1268 2304 1390 2371 sissi

208 2421 255 2482 ut
277 2415 374 2483 (linai
395 2414 486 2483 velle
510 2436 557 2501 εθ,
589 2414 711 2502 redde3
742 2417 807 2484 sin
838 2423 899 2484 est
927 2423 1048 2485 autem
1080 2423 1126 2484 nt
1160 2417 1261 2502 nolit,
1293 2423 1389 2484 reete

209 2553 274 2622 ego
299 2531 464 2600 oonsulni
495 2553 609 2605 meae.
643 2530 687 2604 H.
710 2530 776 2601 637
800 2553 874 2622 sq...
912 2533 984 2601 Sin
1014 2541 1078 2602 est
1115 2538 1159 2600 ut
1190 2532 1294 2600 aliter
1327 2541 1387 2602 tua

207 2655 277 2718 ista
301 2653 347 2717 sit
371 2651 559 2735 sementia,
585 2649 739 2732 accipias
762 2670 927 2733 puerum.
952 2649 995 2720 H.
1021 2647 1086 2716 724
1114 2649 1155 2717 Si
1184 2649 1258 2716 nilo
1283 2649 1390 2718 modo

210 2769 274 2833 θεῖ
295 2769 343 2831 nt
374 2767 516 2848 possit...
556 2765 598 2839 H.
624 2764 690 2833 796
713 2765 808 2834 Nam
833 2769 869 2835 si
892 2773 953 2836 θεῖ
977 2773 1022 2833 nt
1044 2766 1133 2834 haee
1156 2789 1255 2834 nune
1284 2768 1390 2836 Pem-

209 2881 346 2965 philnm
371 2904 454 2950 vere
478 2881 523 2950 ab
550 2904 587 2950 εθ
607 2886 827 2974 segregarit...
850 2883 921 2954 Ad.
945 2881 1011 2950 514
1029 2905 1080 2974 sq.
1106 2885 1148 2952 Si
1172 2890 1243 2970 θεῖ,
1267 2894 1298 2954 is
1317 2885 1391 2952 fao-

210 3004 312 3064 tnrns
337 3004 382 3065 ni
404 3000 451 3066 sii
474 3000 634 3067 offieium
668 3022 781 3086 suom,
818 3001 966 3072 faeiat...
1002 2999 1126 3068 Cioero
1150 3021 1294 3091 qnoque
1318 3002 1386 3069 hao

209 3115 407 3198 periphrasi
440 3137 528 3184 usus
553 3124 607 3185 θεῖ
631 3103 725 3190 Cael.
758 3116 789 3203 6,
813 3115 869 3206 143
893 3117 966 3187 Mil.
998 3115 1053 3203 13,
1078 3115 1133 3205 35,
1164 3118 1244 3190 Div.
1274 3118 1306 3204 1,
1335 3115 1388 3204 56,

208 3230 286 3305 128.

317 3348 380 3418 His
401 3349 489 3418 loeis
511 3351 604 3433 apud
626 3351 834 3420 Ciceronem
857 3350 981 3419 eadem
1004 3372 1045 3418 ao
1063 3351 1157 3434 apud
1179 3351 1386 3420 Terentium

211 3488 412 3554 synonyma
434 3469 626 3535 ooninnoia
645 3469 885 3550 reperiuntur:
907 3468 1004 3540 Fam.
1025 3468 1056 3555 5,
1076 3468 1107 3556 5,
1128 3468 1149 3536 3
1168 3469 1391 3552 profunde-

210 3606 253 3651 re
277 3604 323 3652 oo
348 3581 638 3666 perdere—Ad,
662 3583 740 3672 1343
765 3584 861 3655 Fam.
886 3584 940 3671 13,
965 3584 996 3671 9,
1017 3583 1038 3651 3
1061 3607 1220 3653 memor
1244 3591 1284 3652 ei
1305 3605 1390 3674 gro

317 3834 357 3902 (η
376 3836 440 3890 vn.
476 3821 714 3902 Wonrrarrv,
738 3836 825 3906 Krieg
845 3835 902 3889 una
922 3835 1041 3890 Frieden
1066 3838 1104 3890 aa
1125 3836 1318 3905 Sprichworte
1339 3834 1388 3888 aer

211 3935 315 3988 Romer
336 3951 360 4003 p.
380 3933 431 3991 207
453 3947 479 3988 θῖ
502 3933 735 3990 LANDGRAF
751 3953 777 4003 p.
798 3934 839 3992 34,

319 4031 373 4098 (*”)
393 4034 502 4087 KEIL
519 4033 567 4097 Η.,
588 4034 767 4089 Grammatici
787 4034 877 4089 Latini
898 4031 930 4086 111
951 4053 975 4104 p.
1000 4035 1056 4098 156,
1079 4039 1101 4088 l.

317 4132 388 4202 (m)
409 4133 451 4186 cs
470 4131 717 4187 annonara
733 4151 757 4201 p.
779 4132 830 4186 lor
850 4147 877 4188 et
898 4133 1236 4204 LANDGRA1‹‘p.4³.

318 4230 405 4299 (θ’θ’)
426 4230 468 4286 cf.
489 4245 546 4286 not.
580 4230 744 4287 nonam
770 4232 805 4287 aa
827 4233 853 4286 h.
874 4234 892 4288 1.
912 4247 939 4288 et
966 4248 1034 4289 noa.
1064 4235 1099 4290 aa
1124 4235 1174 4290 rh.
1199 4233 1250 4290 ors
1274 4233 1389 4289 narn-

212 4330 400 4386 TZKONIS
428 4330 619 4400 (Phonnionis
647 4332 690 4386 ed.
711 4329 732 4383 ll
766 4333 874 4402 Lipsiae
903 4333 980 4397 1885)
1009 4347 1035 4388 et
1063 4331 1260 4388 SLOMANI
1284 4333 1392 4402 (Phor-

141 4447 145 4462 ’
213 4428 317 4483 minois
337 4427 380 4482 ed.
400 4427 511 4484 Oxford
535 4426 623 4498 1887).
