3214 4832
1290 471 1385 558 (129)

207 576 252 645 In
275 579 412 668 ignem
437 579 681 667 inpositast3

313 697 362 778 [in
386 695 442 764 his
467 696 551 778 sere]
577 695 700 764 decern
716 698 899 766 versiculis
912 702 1027 767 totum
1056 700 1235 783 conticere
1259 705 1388 786 potuis-

207 821 269 884 set:
296 834 515 905 quamquam
552 811 619 880 hoc
643 812 760 896 ipsum
793 814 989 901 ecfertur,
1011 817 1316 886 imusconcisum
1333 826 1387 888 est

206 933 268 1018 ita,
289 936 330 999 ut
351 951 425 998 non
457 927 624 996 brevitati
661 929 831 996 servitum
856 931 914 1020 sit,
932 931 992 1000 sed
1032 934 1143 1023 magis
1189 939 1378 1010 venustati.

208 1051 311 1139 Quod
335 1051 364 1120 si
387 1049 478 1117 nihil
499 1043 633 1134 fuisset,
658 1049 740 1136 nisi,
763 1048 804 1114 in
829 1049 965 1139 ignem
990 1050 1229 1134 inpositcst:
1264 1057 1383 1123 tamen

205 1189 262 1240 res
287 1174 361 1236 tota
385 1167 549 1256 cognosci
571 1165 678 1233 facite
700 1165 881 1248 potuisset.
901 1165 969 1234 Sed
995 1171 1030 1234 et
1072 1166 1301 1236 festivitatem
1326 1169 1386 1237 ha-

206 1282 268 1353 bet
295 1283 455 1350 narratio
503 1281 669 1350 distincta
716 1282 888 1369 personis,
911 1286 947 1348 et
969 1281 1196 1366 interpuncta
1218 1264 1402 1353 sermoni?

207 1402 329 1478 bus“...
376 1465 380 1470 .
1257 1475 1259 1478 .

1214 1518 1250 1591 V.
1277 1517 1387 1586 189-

208 1637 330 1708 Nunc
351 1635 417 1702 hic
441 1633 530 1702 dies
554 1632 682 1700 aliam
706 1631 836 1698 vitam
861 1631 1011 1719 adfert,
1037 1633 1144 1702 alios
1168 1657 1303 1704 mores
1327 1658 1388 1721 po-

1243 1753 1390 1834 [stulat

210 1868 349 1936 inducit
383 1866 456 1941 Cic.
495 1866 661 1954 namur,
679 1865 1183 1955 25,5:,‚Nunc-p0stulat:
1205 1870 1311 1936 nteit
1329 1868 1389 1936 Te
1428 1936 1431 1938 ,

210 1985 381 2070 r·entius“,
428 2005 490 2069 pro
516 1984 676 2075 „adfert‘
701 1982 873 2052 exhibens
897 1983 1066 2070 „deiert“.

588 2307 1013 2316 ———-—-————

215 2575 267 2642 Ex
293 2572 536 2648 EUNUCHO.

1208 2688 1245 2761 V.
1269 2685 1342 2756 ros
1371 2749 1378 2762 ,

323 2807 418 2879 Citct
429 2808 526 2877 hunc
543 2808 661 2876 locum
677 2806 749 2880 Cic.
765 2805 809 2874 de
819 2828 854 2879 n.
867 2805 900 2880 d.
916 2804 949 2896 3,
965 2805 1009 2873 29
1023 2804 1086 2896 ,72:
1103 2805 1219 2894 „Quid
1233 2687 1393 2876 levitiiileg

218 2926 389 2994 comicae?
411 2946 585 3009 parumne
608 2945 746 3012 semper
762 2924 798 2989 in
835 2923 973 2991 rationo
996 2922 1199 2991 versantur?
1221 2943 1394 3006 parumne

216 3043 396 3111 subtiliter
419 3043 576 3126 disputat
601 3040 661 3109 ille
681 3041 716 3128 (i.
742 3062 771 3115 e.
796 3039 988 3126 Phaedria)
1012 3039 1050 3105 in
1075 3037 1266 3106 Eunucho?

1322 3151 1396 3239 (46)

579 3271 687 3359 Quid
713 3273 846 3363 igitur
869 3269 1042 3340 faciam?

1325 3379 1397 3470 (49)

238 3507 442 3596 Exclusit3
491 3512 673 3572 revocat:
698 3503 880 3572 redeam?
908 3527 996 3591 non,
1021 3506 1055 3573 si
1075 3527 1138 3572 me
1171 3504 1397 3573 obsecret“·

1180 3624 1240 3694 Vv.
1264 3617 1396 3688 59-63

571 3793 817 3814 ........
841 3737 1045 3824 Iniuriae,

414 3858 700 3943 Suspiciones,
717 3856 987 3942 inimicitiae,
1010 3852 1217 3938 indutiae,

415 3974 590 4061 Bellum,
614 3996 692 4058 pax
717 3992 896 4043 rursum:
912 3973 1074 4040 incerta
1091 3970 1197 4038 haec
1221 3971 1256 4038 si
1277 3975 1319 4038 tu
1340 3989 1402 4051 po-

1250 4085 1400 4168 [stules

416 4211 599 4279 Ratione
623 4216 740 4277 certa
763 4208 917 4292 facere,
943 4205 1079 4274 nihilo
1103 4204 1198 4289 plus
1223 4222 1333 4292 agac,

417 4331 545 4420 (tuam
572 4331 607 4398 si
642 4327 713 4396 des
736 4346 901 4410 operam
927 4330 973 4392 ut
995 4344 1086 4390 curn
1110 4322 1275 4389 ratione
1299 4319 1403 4384 insa-

1285 4435 1402 4516 [nias.
