3214 4832
800 280 821 321 ὅ

326 495 365 569 V.
390 493 433 562 51
457 493 584 561 laudat
607 512 751 582 quoque
776 492 846 565 Cic.
871 492 916 561 de
939 513 989 560 or.
1015 489 1048 577 2,
1074 489 1127 577 80,
1151 489 1216 560 327
1248 491 1306 580 (cf.
1331 492 1396 560 inf-

220 636 262 682 ra
278 635 310 684 v.
333 607 401 678 117
425 613 517 698 sqq.)
541 608 642 676 etde
666 610 735 681 inv.
758 608 790 693 1,
813 607 870 695 19,
904 605 959 695 27,
987 607 1029 678 cf.
1065 606 1168 680 Arch.
1197 606 1393 694 alr-Nam

222 734 262 795 ut
284 727 438 810 primum
463 746 508 791 ex
532 726 651 807 pueris
669 725 818 792 excessit
841 724 1020 799 Archias...

1289 865 1326 937 V.
1351 865 1396 932 68

331 981 384 1049 Ad
408 981 504 1048 hunc
539 979 659 1049 locum
688 981 732 1052 cf.
759 981 854 1052 Lael.
889 979 942 1068 24,
972 979 1026 1052 89;
1052 982 1143 1069 „Sed
1168 984 1288 1050 nescio
1324 1002 1395 1071 quo

225 1097 330 1166 modo
345 1117 467 1165 verum
482 1102 545 1185 est,
570 1097 665 1186 quod
691 1099 726 1164 in
752 1096 888 1165 Andria
911 1097 1097 1166 familiaris
1121 1119 1223 1166 meus
1253 1097 1350 1165 dicit:

330 1211 589 1302 Obsequium
612 1212 781 1298 amicos,
816 1212 974 1280 veritas
999 1211 1141 1279 odium
1174 1213 1295 1294 parit.

249 1399 250 1406 ,
328 1329 480 1398 Molesta
490 1330 629 1414 veritas,
644 1329 674 1395 si
690 1327 835 1418 quidem
851 1350 895 1395 ex
912 1349 956 1396 ea
979 1329 1138 1396 nascitur
1151 1328 1284 1415 odium,
1301 1328 1397 1420 quod

222 1453 275 1515 est
298 1467 479 1514 venenum
513 1446 701 1532 amicitiae,
723 1445 785 1514 sed
823 1445 1037 1535 obsequium
1065 1447 1179 1513 multo
1202 1445 1396 1531 molestius,

222 1563 318 1656 quod
344 1563 496 1646 peccatis
519 1561 709 1651 indulgens
731 1563 958 1645 praecipitem
996 1565 1152 1630 amicum
1177 1562 1259 1630 ferri
1300 1565 1395 1635 sinit.

223 1681 383 1748 Maxima
406 1687 526 1747 autem
551 1679 653 1763 culpa
697 1681 733 1747 in
760 1701 812 1766 ec,
837 1679 900 1768 qui
924 1687 959 1746 et
978 1680 1163 1747 veritatem
1188 1688 1397 1762 aspernatur

223 1804 259 1864 et
283 1798 320 1863 in
347 1796 508 1864 fraudem
534 1795 705 1886 obsequio
730 1796 960 1879 impellitur...
976 1795 1015 1865 ln
1037 1796 1208 1886 obsequio
1231 1803 1391 1863 autem-

224 1914 393 2002 quoniam
418 1912 630 1980 Terentiano
654 1912 763 1980 verbo
789 1911 953 1980 lubenter
984 1914 1315 1980 utimur-comitas
1340 1911 1399 1978 rd-

224 2031 304 2102 sit“.

1138 2176 1197 2249 Vv.
1220 2175 1398 2244 110-112

438 2289 548 2362 ...Hic
573 2311 724 2372 parvae
750 2292 1077 2361 consuetudinis

272 2403 405 2474 Causa
430 2406 555 2474 huius
575 2413 750 2475 mortem
777 2414 856 2476 tam
883 2410 965 2477 fert
988 2410 1273 2477 familiariter:

272 2521 378 2611 Quid
403 2529 437 2592 si
458 2527 544 2612 ipse
568 2527 882 2618 amasset?quid
909 2528 973 2594 hic
998 2528 1102 2594 mihi
1125 2527 1254 2594 faciet
1277 2525 1400 2610 patri?

334 2639 404 2714 Cic.
432 2643 478 2710 dc
499 2666 548 2715 or.
574 2643 606 2731 2,
629 2641 685 2732 lc,
708 2643 772 2712 172
797 2644 926 2734 allegat
950 2643 1048 2711 velut
1071 2642 1272 2725 exemplum
1311 2664 1400 2710 com·

225 2760 416 2842 parationis
441 2782 485 2827 cx
508 2761 656 2831 minore.

331 2905 368 2978 V.
392 2905 457 2972 112
483 2908 614 2973 citatur
638 2908 742 2974 ctiam
770 2908 805 2973 in
831 2929 905 2990 epp.
930 2906 975 2973 ad
1003 2905 1100 2978 Fam.
1124 2905 1158 2991 9,
1185 2903 1270 2994 7,1.

1166 3052 1203 3124 V.
1228 3051 1399 3142 llltsqq.)

332 3169 433 3236 Hauc
457 3171 612 3237 Terentii
630 3171 853 3254 perspicuam
874 3173 1116 3238 narrationem
1142 3171 1212 3242 Cic.
1239 3171 1282 3238 do
1303 3193 1351 3242 or.
1370 3170 1400 3257 2,

224 3282 277 3373 80,
301 3285 367 3354 326
391 3308 467 3378 sqq.
492 3285 663 3370 probata
687 3284 859 3353 brevitate
883 3287 960 3353 eius
984 3306 1026 3351 stc
1054 3289 1249 3352 venustate:

1332 3424 1403 3512 (51)

332 3610 385 3642 .....
387 3555 488 3622 Nam
514 3556 547 3620 is
572 3558 791 3642 postquam
816 3551 997 3620 excessit
1021 3572 1068 3617 ex
1093 3549 1295 3632 ephebia..

228 3693 338 3761 quam
361 3672 467 3761 longa
492 3679 545 3739 est
573 3669 741 3737 narratio!
780 3689 897 3736 mores
943 3663 1177 3735 adolescentis
1224 3667 1344 3751 ipsius,
1369 3672 1403 3731 et

227 3788 363 3857 servilis
387 3789 619 3875 percontatio,
642 3807 738 3854 mors
763 3785 957 3872 Chrysidis,
1000 3783 1121 3852 vultus
1146 3790 1181 3851 et
1218 3783 1344 3869 forma,
1369 3789 1405 3849 ct

226 3906 434 3973 lamentatio
459 3907 599 3990 sororis,
619 3904 767 3993 reliqna,
801 3903 961 3985 pervarie
1007 3902 1237 3991 iucundeque
1260 3922 1404 3967 narran-

228 4029 295 4095 tur.
322 4021 424 4109 Quod
451 4024 480 4090 si
503 4022 597 4090 hanc
621 4021 829 4088 laevitatem
860 4021 1100 4110 quaesisset-

1310 4126 1403 4218 (117)

227 4257 577 4346 che1·tur3imns.

1311 4363 1404 4453 (128)

821 4488 908 4564 ...ad
933 4488 1174 4573 sepulcrum
1206 4485 1406 4566 venimusq
